4568 7398
646 405 737 538 42

648 577 745 738 lud
776 601 913 724 ultro
946 603 1194 724 Bochatio
1227 606 1364 724 dabo
1395 608 1611 728 latinam
1643 616 1902 732 rationem
1933 617 1987 731 in
2020 631 2188 773 Orge-

555 907 559 916 .
647 815 858 956 tetigit,
885 804 1203 958 aliorumque
1227 801 1574 946 Bit‘rbarorum
1598 802 1893 921 nominibus
1916 807 2184 929 declinam·

651 996 734 1120 dis
764 997 997 1120 secutun
1031 995 1305 1110 Caesarem
1350 999 1531 1124 fuisse,
1569 995 1708 1146 quod
1743 1003 2015 1114 Graecis
2000 1045 2056 1113 1n
2091 1045 2185 1116 no·

376 1200 395 1244 ⁰
375 1168 637 1346 fil}
649 1192 879 1315 minibus
924 1191 1091 1306 lacere
1131 1191 1279 1306 illum
1325 1191 1629 1311 consuevisse
1670 1235 1701 1304 a
1742 1195 2185 1360 Qinsiilianosl

648 1386 844 1506 didici.
880 1391 978 1510 Ast
1015 1388 1071 1502 id
1106 1419 1166 1502 ut
1198 1379 1422 1498 efficeret
1450 1387 1651 1502 vocales
1683 1387 1786 1504 suis
1821 1389 1943 1503 locis
1967 1433 2189 1507 amove-

652 1625 739 1716 re,
778 1615 932 1738 atque
970 1577 1091 1700 alias
1125 1616 1328 1694 eorum»
1351 1583 1403 1696 in
1449 1581 1634 1707 locum·
1657 1580 1884 1699 sufficere
1927 1629 2032 1704 non
2083 1591 2191 1712 fuit

652 1780 877 1904 necesse.
1448 1751 1450 1756 ¹

657 2092 662 2104 .
736 1989 864 2104 XV.
944 1979 1043 2098 sed
1075 1977 1137 2095 de
1160 1977 1329 2096 Numi
1354 2007 1531 2096 autore
1562 1981 1717 2094 nimis
1749 1979 1950 2094 fortasse
1984 1980 2194 2118 multa,

652 2237 823 2356 pauca
853 2161 920 2308 de
938 2197 1119 2309 Numo
1144 2181 1284 2340 ipso,
1311 2221 1372 2294 ac
1404 2177 1468 2290 de
1497 2189 1789 2328 Orcitirigis
1821 2181 2065 2298 nornine.
2100 2189 2192 2300 Ac

629 2393 887 2550 primum
925 2381 1020 2498 tibi
1056 2373 1151 2531 ipst
1184 2368 1463 2527 gratulor,
1507 2370 1646 2520 quod
1690 2373 2015 2526 praeclarum
2055 2369 2191 2486 adeo

654 2583 835 2700 nasius
867 2571 928 2688 fis
962 2575 1231 2688 Numum.
1264 2573 1604 2719 Quamquam
1627 2567 1767 2678 enim
1789 2567 1853 2682 de
1880 2573 2190 2704 Numorum
2247 2557 2256 2572 ⁸

655 2768 872 2882 raritate
907 2758 1191 2875 cautissime
1223 2761 1562 2912 pronunciare
1593 2755 1812 2891 soleam,
1843 2804 1938 2879 nee
1961 2765 2189 2894 statuere

655 2955 849 3086 ausim,
884 2997 986 3068 non
1013 2952 1171 3068 alium
1202 2983 1319 3072 ante
1341 2951 1477 3066 hunc
1504 2966 1795 3106 Orcitirigrfs
1831 2967 2078 3078 Numum
2100 2999 2188 3073 re·

654 3187 898 3312 portum,
940 3187 1097 3298 quam
1126 3145 1215 3298 qui
1249 3186 1279 3258 a
1313 3145 1621 3288 Bouterovio
1652 3151 1898 3305 vulgatus
1933 3155 2037 3285 ess3
2060 3193 2189 3294 cum

657 3351 826 3484 multa
859 3383 1034 3464 tamen
1067 3335 1311 3454 curiosrus
1342 3337 1711 3495 perscrutanti,
1743 3345 1826 3456 ille
1861 3386 1993 3460 unus
2026 3344 2189 3460 dum·

659 3589 810 3672 taxat
859 3553 1184 3683 occurrerit,
1227 3563 1338 3703 jure
1379 3553 1497 3670 sane
1546 3551 1719 3701 aliquo
1761 3543 2019 3662 affirmare
2057 3547 2190 3658 mihi

657 3750 795 3914 polle
844 3749 1026 3866 videor
1071 3755 1312 3866 Numum
1357 3750 1496 3865 hunc
1538 3785 1687 3866 tuum
1735 3791 1765 3864 a
1807 3748 2190 3871 Bouteroviauo

659 3990 762 4063 non
795 3985 982 4102 parum
1015 3943 1307 4074 diversum,
1344 3945 1477 4056 inter
1506 3941 1781 4059 rarissimos
1813 3937 2189 4056 recensendum

656 4145 785 4259 else.
826 4109 979 4286 Quae
1013 4136 1074 4253 stt
1107 4145 1273 4256 Numi
1306 4136 1570 4287 utriusque
1602 4133 1935 4270 differentia,
1977 4170 2039 4253 ut
2069 4171 2189 4254 tute

660 4335 770 4493 ipse
802 4331 1084 4490 intelligas,
1116 4335 1286 4489 placet
1315 4331 1609 4449 Bouterovii
1646 4335 1888 4446 Numum
1915 4325 2006 4444 hic
2032 4333 2189 4446 exhi·

657 4525 810 4644 bere.
844 4522 1113 4656 Irnberbe,
1148 4531 1199 4640 dt
1230 4524 1493 4680 galeatum
1522 4555 1679 4676 caput
1705 4523 1879 4654 vides,
1905 4569 2007 4638 non
2031 4541 2187 4650 Orci·

657 4700 860 4872 tirigis,
893 4723 1330 4877 quemadmodum
1355 4715 1553 4835 censuit
1573 4719 1875 4848 Bochatius,
1896 4719 1985 4835 sed
2005 4760 2070 4838 ut
2091 4767 2185 4883 ego

656 4917 884 5072 suspicor
911 4914 1161 5042 Palladis,
1188 4953 1319 5063 quae
1343 4913 1511 5031 Gallis
1523 4917 1755 5062 Belisone
1779 4913 1915 5034 diua
1940 4925 2013 5036 est
2022 4969 2042 5058 5
2075 4925 2183 5040 foe·

656 5115 893 5232 mineum
918 5117 1056 5229 enim
1087 5143 1246 5266 caput
1274 5109 1558 5266 pendentes
1582 5110 1798 5235 auribus
1838 5151 2082 5271 gemmae
2103 5115 2182 5234 sa-

2082 5349 2183 5454 ns,
