<?xml version="1.0" encoding="UTF-8"?>
<!DOCTYPE html PUBLIC "-//W3C//DTD XHTML 1.0 Transitional//EN"
    "http://www.w3.org/TR/xhtml1/DTD/xhtml1-transitional.dtd">
<html xmlns="http://www.w3.org/1999/xhtml" xml:lang="en" lang="en">
 <head>
  <title>
</title>
<meta http-equiv="Content-Type" content="text/html;charset=utf-8" />
  <meta name='ocr-system' content='tesseract 3.04.00' />
  <meta name='ocr-capabilities' content='ocr_page ocr_carea ocr_par ocr_line ocrx_word'/>
</head>
<body>
  <div class='ocr_page' id='page_1' title='image "./gasparisaloysii01jacqgoog_0016.png"; bbox 0 0 4666 6492; ppageno 0'>
   <div class='ocr_carea' id='block_1_1' title="bbox 681 681 2199 5089">
    <p class='ocr_par' dir='ltr' id='par_1_1' title="bbox 681 681 2199 5089">
     <span class='ocr_line' id='line_1_1' title="bbox 713 681 2120 960; baseline -0.006 -34"><span class='ocrx_word' id='word_1_1' title='bbox 713 681 904 938; x_wconf 67' lang='lat' dir='ltr'>feloio,</span> <span class='ocrx_word' id='word_1_2' title='bbox 976 836 1034 924; x_wconf 94' lang='lat' dir='ltr'>ut</span> <span class='ocrx_word' id='word_1_3' title='bbox 1076 806 1140 918; x_wconf 87' lang='lat' dir='ltr'>ab</span> <span class='ocrx_word' id='word_1_4' title='bbox 1177 807 1433 922; x_wconf 89' lang='lat' dir='ltr'>Odericio</span> <span class='ocrx_word' id='word_1_5' title='bbox 1486 799 1758 920; x_wconf 78' lang='lat' dir='ltr'>illustratae</span> <span class='ocrx_word' id='word_1_6' title='bbox 1807 803 2120 960; x_wconf 62' lang='lat' dir='ltr'>prodirent}</span> 
     </span>
     <span class='ocr_line' id='line_1_2' title="bbox 713 957 2121 1114; baseline -0.005 -35"><span class='ocrx_word' id='word_1_7' title='bbox 713 971 920 1080; x_wconf 85' lang='lat' dir='ltr'>Verum</span> <span class='ocrx_word' id='word_1_8' title='bbox 969 957 1211 1072; x_wconf 77' lang='lat' dir='ltr'>absolutis</span> <span class='ocrx_word' id='word_1_9' title='bbox 1263 970 1368 1097; x_wconf 85' lang='lat' dir='ltr'>jam</span> <span class='ocrx_word' id='word_1_10' title='bbox 1418 997 1548 1112; x_wconf 91' lang='lat' dir='ltr'>pene</span> <span class='ocrx_word' id='word_1_11' title='bbox 1585 963 1774 1103; x_wconf 85' lang='lat' dir='ltr'><strong>integri</strong></span> <span class='ocrx_word' id='word_1_12' title='bbox 1812 969 2002 1114; x_wconf 88' lang='lat' dir='ltr'>Operis</span> <span class='ocrx_word' id='word_1_13' title='bbox 2040 993 2121 1111; x_wconf 86' lang='lat' dir='ltr'>ty·</span> 
     </span>
     <span class='ocr_line' id='line_1_3' title="bbox 712 1111 2121 1274; baseline -0.005 -44"><span class='ocrx_word' id='word_1_14' title='bbox 712 1128 835 1274; x_wconf 88' lang='lat' dir='ltr'>pis,</span> <span class='ocrx_word' id='word_1_15' title='bbox 890 1111 1229 1262; x_wconf 81' lang='lat' dir='ltr'>maximisque</span> <span class='ocrx_word' id='word_1_16' title='bbox 1267 1112 1696 1264; x_wconf 70' lang='lat' dir='ltr'>occupationibus</span> <span class='ocrx_word' id='word_1_17' title='bbox 1730 1113 2121 1266; x_wconf 86' lang='lat' dir='ltr'>impeditus,il-</span> 
     </span>
     <span class='ocr_line' id='line_1_4' title="bbox 716 1264 2119 1422; baseline -0.007 -35"><span class='ocrx_word' id='word_1_18' title='bbox 716 1273 809 1387; x_wconf 89' lang='lat' dir='ltr'>lud</span> <span class='ocrx_word' id='word_1_19' title='bbox 870 1267 1040 1380; x_wconf 85' lang='lat' dir='ltr'>solum</span> <span class='ocrx_word' id='word_1_20' title='bbox 1080 1269 1150 1376; x_wconf 84' lang='lat' dir='ltr'>V.</span> <span class='ocrx_word' id='word_1_21' title='bbox 1186 1264 1272 1378; x_wconf 90' lang='lat' dir='ltr'>Cl.</span> <span class='ocrx_word' id='word_1_22' title='bbox 1327 1268 1625 1416; x_wconf 89' lang='lat' dir='ltr'>Amicoque</span> <span class='ocrx_word' id='word_1_23' title='bbox 1679 1272 1889 1416; x_wconf 88' lang='lat' dir='ltr'>optimo</span> <span class='ocrx_word' id='word_1_24' title='bbox 1945 1275 2119 1422; x_wconf 92' lang='lat' dir='ltr'>potuit</span> 
     </span>
     <span class='ocr_line' id='line_1_5' title="bbox 715 1417 2119 1577; baseline -0.006 -37"><span class='ocrx_word' id='word_1_25' title='bbox 715 1424 1025 1566; x_wconf 88' lang='lat' dir='ltr'>indulgere,</span> <span class='ocrx_word' id='word_1_26' title='bbox 1082 1449 1140 1531; x_wconf 93' lang='lat' dir='ltr'>ut</span> <span class='ocrx_word' id='word_1_27' title='bbox 1176 1424 1289 1546; x_wconf 88' lang='lat' dir='ltr'>heic</span> <span class='ocrx_word' id='word_1_28' title='bbox 1327 1417 1555 1547; x_wconf 88' lang='lat' dir='ltr'>scilicet,</span> <span class='ocrx_word' id='word_1_29' title='bbox 1594 1417 1681 1529; x_wconf 83' lang='lat' dir='ltr'>etsr</span> <span class='ocrx_word' id='word_1_30' title='bbox 1720 1455 1785 1528; x_wconf 81' lang='lat' dir='ltr'>cx</span> <span class='ocrx_word' id='word_1_31' title='bbox 1815 1419 1990 1560; x_wconf 84' lang='lat' dir='ltr'>alieno</span> <span class='ocrx_word' id='word_1_32' title='bbox 2029 1461 2119 1577; x_wconf 84' lang='lat' dir='ltr'>pe·</span> 
     </span>
     <span class='ocr_line' id='line_1_6' title="bbox 719 1569 2119 1726; baseline -0.005 -33"><span class='ocrx_word' id='word_1_33' title='bbox 719 1621 792 1692; x_wconf 92' lang='lat' dir='ltr'>nu</span> <span class='ocrx_word' id='word_1_34' title='bbox 859 1575 1132 1688; x_wconf 84' lang='lat' dir='ltr'>illustratae</span> <span class='ocrx_word' id='word_1_35' title='bbox 1183 1577 1239 1682; x_wconf 89' lang='lat' dir='ltr'>in</span> <span class='ocrx_word' id='word_1_36' title='bbox 1296 1569 1568 1726; x_wconf 88' lang='lat' dir='ltr'>publicum</span> <span class='ocrx_word' id='word_1_37' title='bbox 1618 1571 1975 1687; x_wconf 81' lang='lat' dir='ltr'>emitterentur</span> <span class='ocrx_word' id='word_1_38' title='bbox 2015 1617 2119 1688; x_wconf 84' lang='lat' dir='ltr'>una</span> 
     </span>
     <span class='ocr_line' id='line_1_7' title="bbox 718 1725 2120 1885; baseline -0.005 -38"><span class='ocrx_word' id='word_1_39' title='bbox 718 1771 847 1847; x_wconf 87' lang='lat' dir='ltr'>cum</span> <span class='ocrx_word' id='word_1_40' title='bbox 869 1725 1166 1885; x_wconf 60' lang='lat' dir='ltr'>Epistola,</span> <span class='ocrx_word' id='word_1_41' title='bbox 1203 1741 1305 1874; x_wconf 82' lang='lat' dir='ltr'>qua</span> <span class='ocrx_word' id='word_1_42' title='bbox 1338 1727 1438 1834; x_wconf 87' lang='lat' dir='ltr'>Vir</span> <span class='ocrx_word' id='word_1_43' title='bbox 1462 1725 1862 1838; x_wconf 75' lang='lat' dir='ltr'>&#39;Celeberrimos</span> <span class='ocrx_word' id='word_1_44' title='bbox 1895 1807 1913 1853; x_wconf 91' lang='lat'>,</span> <span class='ocrx_word' id='word_1_45' title='bbox 1953 1737 2120 1841; x_wconf 83' lang='lat' dir='ltr'>maxi·</span> 
     </span>
     <span class='ocr_line' id='line_1_8' title="bbox 722 1879 2199 2032; baseline 0.002 -39"><span class='ocrx_word' id='word_1_46' title='bbox 722 1921 980 2032; x_wconf 86' lang='lat' dir='ltr'>mumque</span> <span class='ocrx_word' id='word_1_47' title='bbox 1011 1887 1371 1992; x_wconf 89' lang='lat' dir='ltr'>Minimorum</span> <span class='ocrx_word' id='word_1_48' title='bbox 1392 1879 1664 2004; x_wconf 79' lang='lat' dir='ltr'>Familiae,</span> <span class='ocrx_word' id='word_1_49' title='bbox 1684 1883 1913 1992; x_wconf 86' lang='lat' dir='ltr'>Romani</span> <span class='ocrx_word' id='word_1_50' title='bbox 1934 1883 2121 1995; x_wconf 80' lang='lat' dir='ltr'>Archi·</span> <span class='ocrx_word' id='word_1_51' title='bbox 2197 1991 2199 1996; x_wconf 78' lang='grc'>,</span> 
     </span>
     <span class='ocr_line' id='line_1_9' title="bbox 722 2023 2120 2192; baseline 0.001 -43"><span class='ocrx_word' id='word_1_52' title='bbox 722 2035 1003 2192; x_wconf 73' lang='lat' dir='ltr'>gymnasii·</span> <span class='ocrx_word' id='word_1_53' title='bbox 1034 2111 1050 2158; x_wconf 96' lang='lat'>,</span> <span class='ocrx_word' id='word_1_54' title='bbox 1108 2023 1181 2142; x_wconf 68' lang='lat' dir='ltr'>&#39;ac&#39;</span> <span class='ocrx_word' id='word_1_55' title='bbox 1207 2035 1522 2144; x_wconf 89' lang='lat' dir='ltr'>Litterariae</span> <span class='ocrx_word' id='word_1_56' title='bbox 1550 2029 1884 2184; x_wconf 83' lang='lat' dir='ltr'>Reipublicae</span> <span class='ocrx_word' id='word_1_57' title='bbox 1923 2034 2120 2163; x_wconf 80' lang='lat' dir='ltr'>decus,</span> 
     </span>
     <span class='ocr_line' id='line_1_10' title="bbox 723 2183 2121 2336; baseline 0.001 -33"><span class='ocrx_word' id='word_1_58' title='bbox 723 2205 782 2310; x_wconf 74' lang='grc' dir='ltr'>ὅ(</span> <span class='ocrx_word' id='word_1_59' title='bbox 838 2213 1212 2304; x_wconf 81' lang='lat' dir='ltr'>ornamentum</span> <span class='ocrx_word' id='word_1_60' title='bbox 1254 2189 1309 2298; x_wconf 86' lang='lat' dir='ltr'>P.</span> <span class='ocrx_word' id='word_1_61' title='bbox 1357 2183 1651 2298; x_wconf 71' lang='lat' dir='ltr'>franciscus</span> <span class='ocrx_word' id='word_1_62' title='bbox 1668 2241 1676 2250; x_wconf 89' lang='lat'><strong>·</strong></span> <span class='ocrx_word' id='word_1_63' title='bbox 1693 2187 1935 2336; x_wconf 82' lang='lat' dir='ltr'>Jacquier</span> <span class='ocrx_word' id='word_1_64' title='bbox 1973 2217 2121 2304; x_wconf 88' lang='lat' dir='ltr'>vetu-</span> 
     </span>
     <span class='ocr_line' id='line_1_11' title="bbox 724 2333 2118 2487; baseline 0.001 -35"><span class='ocrx_word' id='word_1_65' title='bbox 724 2349 862 2458; x_wconf 90' lang='lat' dir='ltr'>stum</span> <span class='ocrx_word' id='word_1_66' title='bbox 905 2333 1080 2454; x_wconf 79' lang='lat' dir='ltr'>Solate</span> <span class='ocrx_word' id='word_1_67' title='bbox 1129 2339 1544 2480; x_wconf 78' lang='lat' dir='ltr'>Horologium,</span> <span class='ocrx_word' id='word_1_68' title='bbox 1599 2337 1743 2487; x_wconf 89' lang='lat' dir='ltr'>quod-</span> <span class='ocrx_word' id='word_1_69' title='bbox 1782 2339 2118 2454; x_wconf 83' lang='lat' dir='ltr'>Marmoreae</span> 
     </span>
     <span class='ocr_line' id='line_1_12' title="bbox 729 2487 2118 2644; baseline 0 -38"><span class='ocrx_word' id='word_1_70' title='bbox 729 2494 841 2613; x_wconf 77' lang='lat' dir='ltr'>Basa</span> <span class='ocrx_word' id='word_1_71' title='bbox 897 2487 1211 2644; x_wconf 88' lang='lat' dir='ltr'>insculptum</span> <span class='ocrx_word' id='word_1_72' title='bbox 1271 2498 1326 2601; x_wconf 92' lang='lat' dir='ltr'>in</span> <span class='ocrx_word' id='word_1_73' title='bbox 1365 2490 1602 2626; x_wconf 87' lang='lat' dir='ltr'>eamdem</span> <span class='ocrx_word' id='word_1_74' title='bbox 1641 2491 1811 2604; x_wconf 73' lang='lat' dir='ltr'>Sancli</span> <span class='ocrx_word' id='word_1_75' title='bbox 1867 2496 2118 2640; x_wconf 84' lang='lat' dir='ltr'>Gregorii</span> 
     </span>
     <span class='ocr_line' id='line_1_13' title="bbox 729 2642 2117 2796; baseline -0.002 -31"><span class='ocrx_word' id='word_1_76' title='bbox 729 2647 1105 2767; x_wconf 75' lang='lat' dir='ltr'>bibliothecam</span> <span class='ocrx_word' id='word_1_77' title='bbox 1143 2669 1252 2754; x_wconf 92' lang='lat' dir='ltr'>non</span> <span class='ocrx_word' id='word_1_78' title='bbox 1293 2649 1363 2751; x_wconf 87' lang='lat' dir='ltr'>ita</span> <span class='ocrx_word' id='word_1_79' title='bbox 1401 2643 1606 2796; x_wconf 87' lang='lat' dir='ltr'>pridem</span> <span class='ocrx_word' id='word_1_80' title='bbox 1660 2642 1746 2756; x_wconf 87' lang='lat' dir='ltr'>Cl.</span> <span class='ocrx_word' id='word_1_81' title='bbox 1785 2645 1962 2759; x_wconf 88' lang='lat' dir='ltr'>Abbas</span> <span class='ocrx_word' id='word_1_82' title='bbox 2003 2653 2117 2763; x_wconf 87' lang='lat' dir='ltr'>Sar·</span> 
     </span>
     <span class='ocr_line' id='line_1_14' title="bbox 729 2795 2118 2950; baseline -0.001 -35"><span class='ocrx_word' id='word_1_83' title='bbox 729 2810 834 2915; x_wconf 89' lang='lat' dir='ltr'>tius</span> <span class='ocrx_word' id='word_1_84' title='bbox 854 2797 1032 2911; x_wconf 86' lang='lat' dir='ltr'>inferri</span> <span class='ocrx_word' id='word_1_85' title='bbox 1071 2802 1273 2908; x_wconf 85' lang='lat' dir='ltr'>curavit</span> <span class='ocrx_word' id='word_1_86' title='bbox 1295 2875 1311 2921; x_wconf 93' lang='lat'>,</span> <span class='ocrx_word' id='word_1_87' title='bbox 1330 2795 1659 2950; x_wconf 82' lang='lat' dir='ltr'>philologieis</span> <span class='ocrx_word' id='word_1_88' title='bbox 1698 2835 1758 2906; x_wconf 90' lang='lat' dir='ltr'>ac</span> <span class='ocrx_word' id='word_1_89' title='bbox 1798 2804 2118 2913; x_wconf 84' lang='lat' dir='ltr'>mathemati·</span> 
     </span>
     <span class='ocr_line' id='line_1_15' title="bbox 730 2942 2118 3104; baseline 0.003 -38"><span class='ocrx_word' id='word_1_90' title='bbox 730 2964 807 3068; x_wconf 89' lang='lat' dir='ltr'>cis</span> <span class='ocrx_word' id='word_1_91' title='bbox 861 2945 1387 3064; x_wconf 68' lang='lat' dir='ltr'>animadversionibus</span> <span class='ocrx_word' id='word_1_92' title='bbox 1426 2942 1712 3104; x_wconf 68' lang='lat' dir='ltr'>docliilnne</span> <span class='ocrx_word' id='word_1_93' title='bbox 1749 2949 2118 3102; x_wconf 84' lang='lat' dir='ltr'>explicandum</span> 
     </span>
     <span class='ocr_line' id='line_1_16' title="bbox 681 3105 1523 3260; baseline -0.012 -37"><span class='ocrx_word' id='word_1_94' title='bbox 681 3187 687 3200; x_wconf 88' lang='lat'><strong>·</strong></span> <span class='ocrx_word' id='word_1_95' title='bbox 734 3105 979 3260; x_wconf 81' lang='lat' dir='ltr'>suscepit.</span> <span class='ocrx_word' id='word_1_96' title='bbox 1519 3207 1523 3213; x_wconf 85' lang='lat'><em>.</em></span> 
     </span>
     <span class='ocr_line' id='line_1_17' title="bbox 885 3248 2123 3419; baseline -0.004 -54"><span class='ocrx_word' id='word_1_97' title='bbox 885 3263 1037 3419; x_wconf 77' lang='lat' dir='ltr'>Qae</span> <span class='ocrx_word' id='word_1_98' title='bbox 1072 3259 1253 3364; x_wconf 86' lang='lat' dir='ltr'>omnia</span> <span class='ocrx_word' id='word_1_99' title='bbox 1288 3335 1306 3381; x_wconf 87' lang='lat'>,</span> <span class='ocrx_word' id='word_1_100' title='bbox 1344 3248 1734 3366; x_wconf 80' lang='lat' dir='ltr'>accuratiffimis</span> <span class='ocrx_word' id='word_1_101' title='bbox 1773 3253 2123 3410; x_wconf 75' lang='lat' dir='ltr'>Instriptioni.</span> 
     </span>
     <span class='ocr_line' id='line_1_18' title="bbox 733 3399 2121 3537; baseline -0.003 -9"><span class='ocrx_word' id='word_1_102' title='bbox 733 3399 904 3537; x_wconf 87' lang='lat' dir='ltr'>num,</span> <span class='ocrx_word' id='word_1_103' title='bbox 942 3420 1001 3523; x_wconf 71' lang='grc' dir='ltr'>ὃ(</span> <span class='ocrx_word' id='word_1_104' title='bbox 1042 3411 1245 3519; x_wconf 88' lang='lat' dir='ltr'>Rerum</span> <span class='ocrx_word' id='word_1_105' title='bbox 1286 3405 1711 3518; x_wconf 87' lang='lat' dir='ltr'>memorabilium</span> <span class='ocrx_word' id='word_1_106' title='bbox 1744 3407 2008 3524; x_wconf 87' lang='lat' dir='ltr'>Indicibus</span> <span class='ocrx_word' id='word_1_107' title='bbox 2048 3421 2121 3524; x_wconf 74' lang='lat' dir='ltr'>in</span> 
     </span>
     <span class='ocr_line' id='line_1_19' title="bbox 731 3555 2119 3694; baseline 0.006 -21"><span class='ocrx_word' id='word_1_108' title='bbox 731 3565 963 3688; x_wconf 69' lang='lat' dir='ltr'>ſtructa,</span> <span class='ocrx_word' id='word_1_109' title='bbox 1000 3555 1292 3694; x_wconf 85' lang='lat' dir='ltr'>hujufinodi</span> <span class='ocrx_word' id='word_1_110' title='bbox 1324 3557 1437 3670; x_wconf 89' lang='lat' dir='ltr'>sane</span> <span class='ocrx_word' id='word_1_111' title='bbox 1475 3559 1589 3670; x_wconf 88' lang='lat' dir='ltr'>sunt</span> <span class='ocrx_word' id='word_1_112' title='bbox 1628 3641 1645 3686; x_wconf 90' lang='lat'>‚</span> <span class='ocrx_word' id='word_1_113' title='bbox 1685 3590 1742 3672; x_wconf 92' lang='lat' dir='ltr'>ut</span> <span class='ocrx_word' id='word_1_114' title='bbox 1782 3561 1910 3671; x_wconf 92' lang='lat' dir='ltr'>nihil</span> <span class='ocrx_word' id='word_1_115' title='bbox 1944 3567 2119 3680; x_wconf 81' lang='lat' dir='ltr'>utilius</span> 
     </span>
     <span class='ocr_line' id='line_1_20' title="bbox 735 3709 2120 3872; baseline 0 -41"><span class='ocrx_word' id='word_1_116' title='bbox 735 3710 1108 3862; x_wconf 84' lang='lat' dir='ltr'>jucundiusque</span> <span class='ocrx_word' id='word_1_117' title='bbox 1147 3709 1371 3864; x_wconf 84' lang='lat' dir='ltr'>proferri</span> <span class='ocrx_word' id='word_1_118' title='bbox 1407 3709 1546 3866; x_wconf 81' lang='lat' dir='ltr'>polle</span> <span class='ocrx_word' id='word_1_119' title='bbox 1566 3712 1837 3840; x_wconf 86' lang='lat' dir='ltr'>videatur,</span> <span class='ocrx_word' id='word_1_120' title='bbox 1874 3711 2007 3828; x_wconf 90' lang='lat' dir='ltr'>hisce</span> <span class='ocrx_word' id='word_1_121' title='bbox 2025 3761 2120 3872; x_wconf 90' lang='lat' dir='ltr'>po·</span> 
     </span>
     <span class='ocr_line' id='line_1_21' title="bbox 733 3866 2122 4017; baseline 0.003 -34"><span class='ocrx_word' id='word_1_122' title='bbox 733 3867 984 3983; x_wconf 85' lang='lat' dir='ltr'>tiffimum</span> <span class='ocrx_word' id='word_1_123' title='bbox 1017 3868 1389 4017; x_wconf 85' lang='lat' dir='ltr'>temporibus,</span> <span class='ocrx_word' id='word_1_124' title='bbox 1428 3866 1614 4013; x_wconf 87' lang='lat' dir='ltr'>quibus</span> <span class='ocrx_word' id='word_1_125' title='bbox 1645 3867 1982 4015; x_wconf 87' lang='lat' dir='ltr'>Antiquitatis</span> <span class='ocrx_word' id='word_1_126' title='bbox 2021 3875 2122 3987; x_wconf 88' lang='lat' dir='ltr'>stu·</span> 
     </span>
     <span class='ocr_line' id='line_1_22' title="bbox 734 4015 1602 4168; baseline -0.009 -33"><span class='ocrx_word' id='word_1_127' title='bbox 734 4028 821 4135; x_wconf 85' lang='lat' dir='ltr'>dia</span> <span class='ocrx_word' id='word_1_128' title='bbox 861 4026 1218 4168; x_wconf 85' lang='lat' dir='ltr'>maximopere</span> <span class='ocrx_word' id='word_1_129' title='bbox 1256 4015 1602 4130; x_wconf 85' lang='lat' dir='ltr'>excoluntur.</span> 
     </span>
     <span class='ocr_line' id='line_1_23' title="bbox 908 4173 2123 4326; baseline 0 -42"><span class='ocrx_word' id='word_1_130' title='bbox 908 4177 1393 4284; x_wconf 89' lang='lat' dir='ltr'>Monumentorum</span> <span class='ocrx_word' id='word_1_131' title='bbox 1430 4209 1595 4323; x_wconf 89' lang='lat' dir='ltr'>porro</span> <span class='ocrx_word' id='word_1_132' title='bbox 1633 4249 1650 4294; x_wconf 88' lang='lat'>‚</span> <span class='ocrx_word' id='word_1_133' title='bbox 1687 4177 1814 4319; x_wconf 84' lang='lat' dir='ltr'>quae</span> <span class='ocrx_word' id='word_1_134' title='bbox 1851 4173 2123 4326; x_wconf 91' lang='lat' dir='ltr'>proferun-</span> 
     </span>
     <span class='ocr_line' id='line_1_24' title="bbox 732 4319 2124 4476; baseline -0.002 -36"><span class='ocrx_word' id='word_1_135' title='bbox 732 4359 862 4452; x_wconf 89' lang='lat' dir='ltr'>tur,</span> <span class='ocrx_word' id='word_1_136' title='bbox 901 4323 1141 4476; x_wconf 85' lang='lat' dir='ltr'>pleraque</span> <span class='ocrx_word' id='word_1_137' title='bbox 1180 4361 1246 4432; x_wconf 85' lang='lat' dir='ltr'>ex</span> <span class='ocrx_word' id='word_1_138' title='bbox 1285 4325 1577 4475; x_wconf 85' lang='lat' dir='ltr'>archetypis</span> <span class='ocrx_word' id='word_1_139' title='bbox 1617 4319 1818 4434; x_wconf 86' lang='lat' dir='ltr'>summa</span> <span class='ocrx_word' id='word_1_140' title='bbox 1856 4327 1958 4437; x_wconf 85' lang='lat' dir='ltr'>fide</span> <span class='ocrx_word' id='word_1_141' title='bbox 1999 4327 2124 4438; x_wconf 92' lang='lat' dir='ltr'>deli-</span> 
     </span>
     <span class='ocr_line' id='line_1_25' title="bbox 734 4471 2124 4622; baseline -0.003 -28"><span class='ocrx_word' id='word_1_142' title='bbox 734 4479 1112 4602; x_wconf 70' lang='lat' dir='ltr'>neata&#39;aereis,</span> <span class='ocrx_word' id='word_1_143' title='bbox 1150 4471 1428 4622; x_wconf 91' lang='lat' dir='ltr'>ligneisque</span> <span class='ocrx_word' id='word_1_144' title='bbox 1461 4473 1680 4588; x_wconf 86' lang='lat' dir='ltr'>Tabulis</span> <span class='ocrx_word' id='word_1_145' title='bbox 1722 4477 1920 4605; x_wconf 89' lang='lat' dir='ltr'>incidi,</span> <span class='ocrx_word' id='word_1_146' title='bbox 1959 4481 2124 4592; x_wconf 89' lang='lat' dir='ltr'>Char·</span> 
     </span>
     <span class='ocr_line' id='line_1_26' title="bbox 733 4627 2124 4781; baseline -0.003 -37"><span class='ocrx_word' id='word_1_147' title='bbox 733 4634 1113 4752; x_wconf 76' lang='lat' dir='ltr'>monitorem,</span> <span class='ocrx_word' id='word_1_148' title='bbox 1151 4628 1437 4781; x_wconf 88' lang='lat' dir='ltr'>Typorum</span> <span class='ocrx_word' id='word_1_149' title='bbox 1478 4627 1819 4772; x_wconf 88' lang='lat' dir='ltr'>elegantiam,</span> <span class='ocrx_word' id='word_1_150' title='bbox 1857 4655 2124 4780; x_wconf 83' lang='lat' dir='ltr'>ceteraque</span> 
     </span>
     <span class='ocr_line' id='line_1_27' title="bbox 731 4777 2120 4938; baseline -0.003 -40"><span class='ocrx_word' id='word_1_151' title='bbox 731 4787 954 4908; x_wconf 80' lang='lat' dir='ltr'>omnia,</span> <span class='ocrx_word' id='word_1_152' title='bbox 989 4819 1130 4932; x_wconf 72' lang='lat' dir='ltr'>¹quae·</span> <span class='ocrx_word' id='word_1_153' title='bbox 1156 4779 1221 4892; x_wconf 83' lang='lat' dir='ltr'>ad</span> <span class='ocrx_word' id='word_1_154' title='bbox 1261 4777 1695 4908; x_wconf 81' lang='lat' dir='ltr'>absolutilsimam·</span> <span class='ocrx_word' id='word_1_155' title='bbox 1709 4783 2120 4938; x_wconf 83' lang='lat' dir='ltr'>praestantissimi</span> 
     </span>
     <span class='ocr_line' id='line_1_28' title="bbox 1975 4943 2119 5089; baseline -0.014 -39"><span class='ocrx_word' id='word_1_156' title='bbox 1975 4943 2119 5089; x_wconf 89' lang='lat' dir='ltr'>Ope-</span> 
     </span>
    </p>
   </div>
   <div class='ocr_carea' id='block_1_2' title="bbox 0 0 2348 6484">
    <p class='ocr_par' dir='ltr' id='par_1_2' title="bbox 0 0 2348 6484">
     <span class='ocr_line' id='line_1_29' title="bbox 0 0 2348 6484; baseline 0 0"><span class='ocrx_word' id='word_1_157' title='bbox 0 0 2348 6484; x_wconf 95' lang='lat' dir='ltr'> </span> 
     </span>
    </p>
   </div>
  </div>
 </body>
</html>
