4666 6492
424 663 508 754 on
555 656 1057 754 rnaucrsuoautu
1106 657 1328 752 uuuo.
1513 661 1555 786 7

234 799 238 806 ’
300 801 354 884 V.
417 805 499 889 His
527 804 584 886 ita
610 798 908 890 animadvertis
940 819 1130 884 veterum
1166 797 1220 882 de
1245 794 1558 884 Trallianorum

182 909 483 1000 conditoribus
514 920 755 1002 Sententias
792 940 1090 1027 componere,
1115 941 1194 999 nec
1220 909 1404 998 arduum
1435 917 1555 1014 erit,

183 1029 266 1116 nec¹
288 1029 496 1118 difficile.
533 1037 607 1114 Sic
640 1031 751 1114 enim
789 1031 925 1118 lentio
950 1025 1142 1142 Pelasgos
1170 1033 1296 1114 Ionia
1312 1048 1554 1142 occupata,

183 1172 280 1230 cum
313 1145 416 1231 alias
451 1145 542 1230 illic
572 1145 738 1245 urbes,
785 1150 1042 1230 rumesiam
1080 1140 1252 1230 Tralles
1274 1165 1276 1172 ·
1299 1142 1352 1230 ad
1383 1141 1558 1231 Eudoni

188 1266 330 1374 ripam
359 1257 608 1347 labricall'e.
644 1265 835 1372 Argiuos
870 1265 1008 1358 verb,
1044 1261 1081 1346 bt
1114 1259 1302 1345 Thraces
1332 1288 1400 1346 eas
1440 1287 1559 1376 nona

186 1375 311 1486 longe
343 1375 618 1462 aMaeaudro
636 1373 906 1474 condidille,
932 1403 1020 1488 qua
1048 1372 1180 1458 modo
1206 1373 1389 1486 Lydia,
1425 1372 1559 1462 modo
1685 1481 1690 1490 ,

187 1497 340 1578 Cariae
375 1491 649 1576 tribuuntur.
690 1495 769 1576 llis
801 1515 824 1572 a
853 1489 1083 1574 Thracibus
1124 1517 1280 1575 nomen
1312 1490 1559 1603 imposrtum

185 1601 347 1718 scripht
379 1606 563 1706 Strabo,
603 1606 718 1724 cujus
756 1603 885 1690 verba
914 1604 1038 1716 paulo
1070 1623 1166 1691 ante
1189 1608 1394 1691 recitavi·
1420 1611 1561 1692 Mira·
1623 1636 1627 1644 ·

190 1717 341 1807 totid
369 1720 675 1814 Casaubonus,
709 1747 840 1833 neque
868 1717 964 1804 satis
992 1718 1204 1826 credibile
1233 1738 1351 1832 putat
1378 1748 1390 1808 e
1434 1745 1559 1836 qaam
1590 1711 1885 1798 <sternumen-

185 1833 233 1921 se
254 1832 479 1948 probetne
509 1864 537 1920 a
576 1834 809 1923 saraam,
837 1831 906 1949 effe
939 1834 1107 1918 Trerus
1128 1835 1360 1945 appareres
1379 1838 1396 1958 ³.
1413 1842 1481 1944 (a)
1501 1843 1559 1921 at
1592 1799 1721 1882 ΜΡ·
1734 1817 1805 1876 ²³⁷·

190 1951 280 2038 hac
307 1978 404 2035 cum
430 1948 666 2048 scriberet,
701 1955 769 2036 vir
796 1948 975 2043 doctus,
1001 1955 1222 2061 ignorauit
1247 1953 1403 2064 opinor
1431 1951 1562 2038 Tral-

189 2066 250 2152 les
278 2074 390 2152 inter
415 2063 624 2154 Thraciae
649 2065 872 2178 populosa
906 2065 1298 2164 Diodorosiculo,
1330 2066 1559 2164 Plutarco,

189 2185 225 2270 ἅ
258 2178 460 2268 Heltchio
487 2181 853 2266 commemorari.
885 2177 993 2290 (b):
1035 2179 1303 2291 Hellesponto
1343 2177 1557 2294 transmis·
1590 2161 1678 2306 „bill
1713 2162 1803 2309 Ἥ·
1823 2167 1912 2237 ⁸¹⁶⁶·‘

177 2300 258 2414 sa,
287 2300 424 2406 inquit
452 2295 730 2387 Plutarchus,
759 2293 855 2376 dam
880 2314 1072 2401 permeat
1101 2295 1360 2394 Thraciam,
1399 2294 1560 2380 nemini
1590 2265 1883 2411 vri.ai',¹e'‘rr.,¹.¹‘e²3‡

179 2413 276 2526 fait
307 2409 581 2494 barbararum
596 2408 780 2524 staplen·
810 2405 935 2518 Miffls
961 2407 1015 2492 ad
1033 2405 1218 2518 ,iugulas
1252 2410 1406 2518 legaris
1435 2437 1561 2522 quae·
1591 2403 1707 2470 usses.
1721 2411 1886 2498 hspes·

174 2526 319 2643 stoit,
352 2549 406 2608 aa
439 2520 607 2636 hostiam
633 2542 795 2610 terram
824 2519 1075 2630 rrarrstrarus
1105 2521 1233 2639 effer.
1271 2522 1442 2611 Caeteri
1468 2549 1561 2610 eam
1591 2507 1700 2564 Μ’·
1796 2525 1798 2532 ’

189 2669 324 2728 omnes
354 2655 600 2751 receperant
628 2689 644 2738 ,
695 2633 750 2729 ὁ·
762 2635 978 2751 prostrati
1004 2638 1114 2752 strat
1139 2636 1272 2724 amice
1298 2691 1312 2740 ,
1339 2639 1439 2749 illi,
1485 2636 1562 2754 qui

194 2755 365 2844 Tralles
396 2753 625 2847 dicaretur,
658 2778 757 2867 quas
782 2750 926 2863 Xerses
953 2779 1112 2866 quaque
1129 2753 1399 2855 redemerat,
1433 2759 1562 2867 atfa-

190 2899 259 2956 ma
288 2867 375 2982 est,
406 2867 522 2952 dorsis
553 2919 568 2967 ,
598 2864 798 2970 trarrsttas
824 2866 1048 2951 mercedem
1078 2867 1132 2950 ab
1153 2867 1342 2978 Agestlao
1368 2869 1563 2982 poposce-

190 3001 294 3074 rant
324 3050 339 3089 ,
368 3001 531 3066 certum
563 2981 736 3095 argenti
768 2979 995 3082 Taleata,
1040 2981 1292 3096 totidemque
1331 2983 1511 3096 femiam
1546 3041 1560 3066 .

190 3107 339 3211 Neque
366 3125 470 3184 vero
497 3094 618 3182 dicat
646 3099 849 3194 Livium,
880 3095 1226 3212 &Stephanum
1256 3099 1320 3212 (e)
1343 3097 1562 3186 Tralliam
1594 3097 1886 3178 rescratum.

191 3221 234 3302 in
263 3213 447 3324 Illyrico
475 3210 719 3298 collocasse:
750 3213 842 3294 Rex
870 3236 966 3294 vero
992 3229 1081 3294 tam
1107 3210 1281 3296 celerem
1312 3213 1566 3298 aleamuni·
1595 3183 1826 3336 lifgfflh'
1845 3188 1884 3248 V·

192 3326 302 3438 varst
324 3324 563 3411 certaminis
592 3323 744 3412 timeas
783 3323 1108 3437 quadringentos
1141 3328 1352 3429 Tralles,
1393 3328 1564 3438 lllyrio-
1628 3293 1646 3350 ρ
1762 3315 1774 3340 ”

191 3470 284 3534 rum
309 3441 377 3538 id,
395 3437 511 3546 staret
539 3441 625 3524 alio
652 3437 832 3525 dirimas
860 3433 977 3533 loca,
997 3465 1131 3550 genas
1154 3435 1232 3554 esta
1254 3445 1391 3556 inquit
1409 3445 1561 3530 Liuius

190 3561 246 3647 de
283 3555 484 3670 Philippo
514 3553 803 3641 Macedonum
836 3580 934 3664 rege
967 3585 982 3664 ς
1018 3575 1061 3640 ut
1091 3563 1208 3642 enim
1239 3560 1443 3642 omittam
1475 3557 1564 3644 alio

191 3683 238 3763 in
279 3671 377 3755 loco
410 3721 425 3768 ,
473 3669 645 3756 Tralles
675 3669 859 3754 Thraces
892 3665 1141 3756 memoralle
1174 3675 1352 3760 Livium
1377 3672 1447 3784 (d)
1472 3699 1558 3786 quo
1594 3643 1894 3790 ffl'lfl'ffl'lff·

191 3782 922 3896 sanesulpicor,Valehoquamvis
956 3783 1229 3896 refragante,
1255 3786 1321 3896 (e)
1346 3786 1567 3898 priorilo·
1616 3803 1890 3902 (esvueteseesp.
2030 3765 2039 3793 “
2132 3833 2135 3850 ·

190 3933 246 3990 co
277 3895 525 4001 Triballas,
559 3926 641 3982 non
662 3896 835 3984 Tralles
864 3897 1091 4010 legendum
1110 3896 1190 3987 elle
1207 3954 1224 3996 ,
1244 3919 1288 3986 ut
1318 3901 1473 3988 habent
1502 3929 1570 3987 vc-
1596 3887 1702 3950 ”ml
1719 3903 1812 3970 W·

190 4032 303 4108 tetes
332 4011 506 4126 quidam
539 4018 661 4099 livii
688 4010 911 4120 Codices3
938 4033 982 4098 ut
1018 4013 1122 4100 haec
1152 4021 1323 4130 iuquam
1357 4013 1470 4102 milla
1509 4015 1570 4102 fa·

189 4139 330 4227 ciam,
348 4157 431 4215 non
452 4157 580 4242 aegre
612 4131 795 4226 Liuius,
824 4129 861 4212 8(
895 4126 1171 4242 Stephanus,
1206 4159 1305 4216 cum
1333 4128 1568 4233 Diodoro,

190 4254 230 4336 lt
258 4248 490 4358 Plutarco,
510 4239 766 4329 &llelschio
785 4244 1017 4328 conciliari
1042 4240 1230 4357 pollent,
1260 4242 1286 4327 ll
1306 4243 1425 4331 dicas
1442 4245 1571 4332 Tral-

187 4365 249 4452 les
279 4362 473 4472 lllysio,
504 4356 781 4446 &ihrer-tae
813 4351 1072 4458 finitimos,
1119 4366 1288 4474 utrique
1323 4364 1568 4474 provinciae
1645 4383 1648 4390 ·

188 4475 426 4588 adscriptos
457 4469 603 4564 fuisse.
635 4475 704 4558 Sic
718 4471 829 4556 olim
852 4465 1061 4562 Horatius
1095 4472 1181 4587 (s)
1210 4467 1486 4576 Lucanu'sne,
1518 4503 1569 4559 an
1597 4480 1655 4561 ts>
1685 4480 1890 4556 Harum.

186 4592 372 4707 Appulus
402 4593 501 4680 elles
532 4617 687 4702 anceps
724 4586 851 4677 fuit,
891 4587 1009 4702 quod
1041 4593 1254 4676 nimirum
1304 4589 1374 4676 sub
1410 4591 1565 4678 finents
1598 4585 1682 4650 ’Μ’

190 4733 419 4818 utrumque
454 4723 594 4790 araret
626 4699 859 4789 Venussnus
888 4701 1102 4791 Colonus.
1134 4703 1398 4819 Quamquam
1421 4733 1572 4793 eorum

191 4849 275 4936 ego
294 4825 525 4932 Serstcntia
550 4818 734 4905 libenter
751 4811 988 4924 subscribo,
1009 4821 1078 4930 qui
1105 4819 1276 4904 Tralles
1296 4823 1421 4932 longe
1449 4819 1500 4904 ab
1516 4819 1574 4902 ll·

190 4938 334 5050 lyrico
366 4935 615 5032 collocant,
646 4939 837 5046 resteque
865 4931 1015 5020 vidille
1049 4931 1241 5026 arbitror
1280 4937 1573 5034 Palmerium,

189 5078 290 5142 cum
321 5052 520 5140 Plutarci
559 5045 797 5160 Agelilauns
839 5054 956 5137 notis
995 5045 1244 5146 illustrans,
1287 5077 1336 5136 ess
1360 5049 1433 5135 hac
1456 5047 1575 5158 laea,

1022 5193 1024 5198 ·
1435 5167 1577 5276 inquis
