4568 7398
487 703 593 818 tos;'
608 694 727 836 quin
753 700 917 846 porrus
940 697 1193 816 Strabonis
1215 703 1632 854 prudentissimum
1657 709 1919 856 confilium¹

486 923 647 1031 quor,
688 905 909 1040 negantis
953 905 1007 1011 in
1054 899 1463 1050 appellationibru
1494 908 1721 1048 gentium
1761 903 1921 1015 barba:

487 1118 595 1190 rum
619 1117 824 1226 graecas
853 1092 1166 1244 etymologias
1198 1087 1293 1239 effi:
1327 1089 1650 1236 quaerendos.
1676 1089 1777 1208 Sed
1809 1089 1876 1206 de
1907 1089 1923 1208 l

482 1267 622 1414 jusce
655 1280 883 1396 nominis.
909 1279 1197 1434 veriloquio
1239 1287 1276 1395 'a
1315 1281 1580 1400 veteribus
1606 1289 1925 1442 Septemtrior

482 1463 618 1583 lium
637 1468 827 1627 linguis
850 1470 1103 1604 deduiio,
1123 1471 1248 1591 vide
1265 1473 1581 1608 Baro-erum,
1595 1482 1647 1593 ὅ(
1661 1476 1915 1594 Halaeum

485 1667 666 1822 Qum
698 1710 855 1826 porro
893 1671 1022 1789 illud
1047 1671 1361 1802 ridiculum,
1378 1675 1381 1682 ’
1396 1707 1456 1788 ut
1478 1669 1754 1790 Gallorum
1775 1673 1929 1788 vetuli

481 1858 634 1979 fimus
656 1871 853 2020 graecis
871 1865 1138 1987 elementis
1154 1865 1394 2024 scripsrlle
1413 1861 1674 1993 ostendat,
1688 1863 1931 2018 epitaphii

483 2053 691 2175 Romae
728 2099 996 2222 repertum
1035 2065 1310 2223 proferre,
1353 2057 1492 2214 quod
1531 2054 1631 2170 etli
1659 2051 1726 2209 ad
1743 2050 1933 2170 Gallur

405 2257 412 2262 ’
482 2253 781 2408 pertineat,
825 2261 1002 2374 medio
1048 2256 1250 2375 saeculo
1294 2262 1361 2374 11.
1406 2287 1468 2370 ut
1510 2253 1704 2375 citius,
1738 2277 1935 2360 exarata

478 2445 613 2562 luit?
645 2459 829 2603 Aeque
859 2457 989 2589 mihi
1025 2449 1310 2580 ridendus,
1349 2451 1417 2560 ac'
1439 2441 1524 2558 ille
1558 2439 1787 2594 quisquis
1824 2437 1937 2552 suer

480 2647 573 2797 qui
601 2647 661 2737 (ὃ)
682 2657 978 2812 Aegyptios
991 2657 1195 2774 ¹Attidii
1224 2658 1276 2767 in
1301 2639 1939 2765 Piceno'Marmoreamc

477 2827 652 2956 morio
686 2841 948 2969 Tabulam
983 2846 1310 3006 inscripsrlle3
1347 2839 1435 2957 vel
1463 2833 1646 2952 saltem
1669 2871 1737 2945 ex
1756 2835 1940 2980 Aegyp

477 3013 754 3150 Auidium
787 3037 1087 3153 transtulille
1119 3038 1408 3190 opinatur,
1445 3023 1584 3176 quod
1627 3027 1680 3136 in
1717 3059 1777 3130 ea
1807 3019 1942 3164 Hept

475 3265 702 3360 numus,
748 3236 799 3344 ἃ
838 3231 1131 3348 Arsmoitae
1172 3229 1505 3343 nominentur
1525 3296 1544 3339 -.
1589 3209 1855 3332 Praeclara
1889 3207 1941 3322 sa

475 3417 797 3560 conjeilurar
834 3421 988 3534 Hunc
1023 3455 1179 3571 porro
1209 3411 1481 3570 lapidem,
1514 3411 1604 3561 qui
1638 3404 1778 3562 apud
1811 3403 1944 3520 Mur

475 3607 673 3720 torium
717 3608 939 3761 turpiter
980 3605 1296 3719 deformatus
1338 3603 1452 3730 est,
1497 3599 1800 3752 integrum,
1847 3627 1946 3747 atq]

470 3798 807 3916 emendatum
842 3794 1027 3950 dabo,'
1050 3793 1142 3914 ubi
1175 3795 1242 3911 de
1278 3803 1556 3942 Orcitirigo
1598 3793 1803 3910 dionidi
1845 3793 1944 3910 line

468 3991 685 4128 secero,
723 3998 773 4110 a
807 3990 1013 4144 quando
1051 3993 1134 4106 his
1174 4026 1489 4146 magnopere
1523 3983 1825 4144 muneribus
1860 3987 1946 4102 del

472 4193 632 4309 &aris
677 4188 782 4306 duo
817 4185 914 4298 alia
944 4179 1169 4301 adiciam
1208 4221 1444 4305 veterum
1477 4220 1812 4304 monumenta
1851 4184 1946 4301 Sala

468 4390 561 4528 tiis
595 4427 698 4502 non
731 4387 805 4498 ita
833 4385 1303 4540 pridem'reperta‚
1337 4415 1491 4534 atque
1524 4381 1592 4495 ab
1612 4383 1806 4496 Amico
1826 4383 1946 4497 adn

474 4578 653 4698 missa.
699 4573 792 4690 Ad
825 4613 1143 4728 anonymum
1175 4611 1535 4705 revertamur,
1566 4579 1652 4690 cui
1684 4579 1946 4694 consutanc'

469 4765 604 4884 illud
633 4767 793 4880 etiam
827 4762 1058 4896 aceedit,
1100 4765 1238 4916 quod
1270 4766 1370 4882 alia
1406 4799 1588 4882 extent
1615 4765 1859 4884 fimilibus
1896 4809 1946 4885 rt

469 4957 668 5088 dibus,
713 4993 868 5113 arque
902 4965 1217 5084 inconcinnis
1248 4969 1565 5084 coaeterum
1595 4969 1771 5085 formis
1807 4967 1946 5084 inseri

467 5187 563 5312 pta
590 5151 828 5277 veterum
861 5192 1224 5294 monumenta,
1255 5201 1386 5318 quae
1411 5203 1533 5284 cum
1558 5166 1623 5286 ad
1642 5164 1870 5283 Galliam
1894 5204 1946 5320 n<

358 5363 361 5372 ’
1722 5387 1946 5500 quaquar

1732 6417 1740 6424 .

1510 6447 1514 6454 ι

540 6457 543 6466 ι
