4568 7398
691 399 778 522 26

686 632 743 746 in
778 663 881 779 quo
916 649 1091 740 tamen
1126 619 1335 736 Arriani
1382 631 1612 740 mentem
1654 661 1758 740 non
1800 619 1874 736 est
1920 616 2157 748 assecutus.

690 843 1090 957 Auunoioipoum
1136 814 1267 932 haec
1307 815 1586 932 Minervae
1633 811 1778 932 sacra
1818 811 1963 932 fitiffe
1980 855 2077 926 ,non
2102 847 2156 930 te·

688 1057 829 1136 mere
867 1012 1133 1172 suspicor5
1177 1038 1239 1132 ac
1285 1013 1459 1170 priora
1506 1007 1719 1160 quidem
1763 1007 1835 1124 ad
1872 1010 2159 1130 Minervam
2231 1095 2232 1124 ι

504 1315 507 1321 .
689 1203 949 1362 ίροᾶαίῖε
965 1240 1034 1318 ex
1081 1203 1144 1319 iis
1182 1205 1447 1355 conjicio,
1491 1216 1623 1355 quae
1656 1203 1722 1318 de
1753 1203 2048 1320 Alexandro
2072 1211 2162 1326 Solis

398 1389 600 1478 (amet
529 1381 601 1460 mli
603 1383 676 1461 ..111

399 1510 428 1556 c.
441 1513 473 1570 7.

665 1429 1045 1516 commorante
1072 1433 1249 1516 narrat
1284 1402 1586 1520 contuse>
1596 1406 1777 1524 .Vot'a
1799 1407 1971 1520 deinde
1995 1441 2078 1560 pm
2091 1403 2163 1550 su-

691 1598 790 1712 lute
810 1593 878 1741 s
848 1595 1056 1746 stepm
1067 1629 1161 1749 per
1192 1599 1395 1727 ludum,
1427 1631 1575 1748 utque
1605 1602 1758 1712 otium
1790 1591 1997 1712 reddens
2011 1591 2166 1734 'ostendit

689 1783 878 1937 quami
894 1783 1085 1928 fiducici
1115 1793 1344 1908 barbaros
1359 1791 1650 1946 sperneret,
1678 1799 1859 1943 quippe
1894 1787 2167 1937 Aesmlapiu

690 2009 747 2108 Θ
781 1989 1167 2108 MINERVAE
1206 1987 1332 2099 ludos
1362 1989 1654 2101 celebravit:
1685 1979 1888 2132 reliqua
1918 1975 2019 2094 duo
2043 1957 2168 2092 cidon

692 2170 867 2292 dicata
896 2169 1038 2288 fuiffe
1066 2171 1215 2290 facile
1251 2167 1442 2304 dabit,
1480 2172 1708 2326 quisquis
1739 2176 2072 2300 Minervam,
2097 2174 2168 2290 Tu·

694 2379 855 2500 tumre
888 2365 1246 2486 Macedonum
1275 2380 1475 2490 Numen
1503 2351 1642 2486 fuiffe
1673 2415 1778 2496 non
1811 2375 2042 2528 ignoret,
2067 2363 2169 2520 apud

501 2601 502 2606 ‘
693 2603 823 2715 quos
861 2561 1078 2681 celebris
1119 2563 1366 2683 Minerva
1410 2565 1629 2684 Alcides
1674 2563 1859 2680 Pente
1881 2563 2054 2680 cultu·
2041 2633 2059 2693 ‚
2083 2557 2170 2672 faci

691 2759 796 2876 lius
827 2763 1029 2890 etiams
1064 2763 1155 2909 qui
1189 2765 1491 2878 Minervam
1524 2765 1806 2921 praecipuo
1849 2759 2039 2870 honore
2075 2746 2169 2864 Ale-

565 3091 580 3106 *
692 2952 958 3076 xandrum
986 2988 1293 3072 veneratum
1324 2955 1499 3089 fuiffe,
1537 2953 1678 3113 apud
1711 2946 2049 3078 Diodorum,
2081 2943 2171 3059 Plo·

693 3193 944 3283 tarcum,
989 3152 1311 3285 Attianum,
1343 3159 1393 3270 u
1429 3153 1681 3269 Curtium
1712 3148 1926 3306 legerit.
1958 3151 2034 3260 At
2064 3183 2172 3256 nom

625 3457 628 3466 .
692 3357 772 3472 ita
814 3343 961 3466 facile
994 3347 1212 3462 statuere
1254 3343 1453 3478 aufim,
1496 3349 1703 3464 cuinam
1732 3349 2010 3478 Deorum,
2047 3385 2103 3460 ex
2128 3341 2173 3452 iis

696 3581 825 3694 quos
857 3541 1155 3666 nominavi,
1179 3535 1307 3654 haec
1330 3537 1508 3658 Bolani
1533 3543 1814 3662 certamina
1831 3537 1974 3657 sacra
1996 3537 2175 3657 fixerint.

697 3726 975 3870 Filemone,v
999 3727 1050 3838 u
1072 3713 1363 3840 subcintum
1386 3725 1612 3886 effigiem
1634 3771 1756 3851 cum
1775 3731 1985 3847 videam
2007 3729 2067 3847 ad
2083 3721 2176 3838 Vui-

541 3949 546 3956 '
695 3957 887 4037 canum
918 3915 1213 4072 pertinuisse
1246 3915 1478 4076 suspicor
1491 3962 1509 4055 3
1538 3921 1706 4052 rotie,
1742 3922 1970 4076 opinor3
2014 3911 2175 4070 quando

697 4107 850 4231 simili
885 4111 1070 4228 habitu
1099 4111 1360 4230 veteribus
1396 4114 1450 4225 in
1489 4115 1839 4236 monumentis
1873 4111 2047 4273 effingi
2071 4106 2177 4224 Vol·

701 4341 863 4422 canus
895 4299 1048 4423 solet.
1080 4307 1359 4464 Lampadio
1388 4337 1647 4460 certamen
1668 4279 1909 4426 Vulcano
1946 4309 2013 4426 ab
2042 4311 2177 4426 Athe·

702 4497 961 4620 nienfibus
993 4493 1338 4630 celebratum,
1378 4497 1564 4650 quod
1547 4539 1593 4614 ιε
1629 4502 1766 4656 ignis
1798 4499 1950 4620 usum
1988 4501 2179 4617 homines

413 4721 692 4824 (offirma
703 4697 977 4820 edoeoiffit
1006 4695 1146 4855 apud
1177 4665 1650 4890 Harpocrationem
1672 4693 1843 4852 legisse
1874 4699 2084 4815 memint
2070 4691 2177 4793 ’.0)

702 4905 883 5052 Ister
861 4947 915 5021 tn
936 4909 1112 5070 primu
1141 4901 1458 5028 Atticarum,
1493 4897 1600 5030 ait,
1630 4895 2072 5050 quemadmodum
2051 4930 2098 5002 m
2109 4885 2177 5031 se·

690 5091 775 5244 sto
813 5095 1169 5250 Apaturiorttm
1208 5083 1612 5340 Athmienffitm‚
1656 5089 2014 5242 pulcherrimus
2053 5067 2178 5383 imp:

2055 5273 2126 5417 Sto
