4586 6506
737 605 866 768 388
1025 641 1029 648 ·
1086 609 1219 727 ob
1300 565 1356 723 u
1402 614 1610 718 uana
1659 627 1782 721 nt·

734 805 783 862 ac
816 769 996 888 proinde
1018 768 1194 859 habetur
1221 769 1405 855 altitudo
1429 767 1514 884 poli
1544 759 1636 876 42⁰·
1661 771 1779 854 Hanc
1809 767 1987 855 eandem
2018 772 2107 886 poli

733 888 1004 978 altitudinem
1045 888 1247 974 exhibent
1278 902 1457 992 quatuor
1496 885 1686 969 Romana
1723 883 1962 998 Horologia
2005 917 2107 1001 quae

738 1002 820 1115 jam
851 1011 1126 1113 memoravi3
1157 1028 1284 1116 quare
1319 995 1442 1085 valdb
1467 1003 1606 1083 miror
1631 996 1743 1112 quod
1770 997 2047 1112 horologium
2068 1011 2111 1091 in

733 1119 987 1210 Herculanis
1018 1121 1303 1205 Monumentis
1336 1111 1596 1226 descriptum
1628 1113 1678 1198 ab
1714 1111 1762 1216 ei
1790 1143 1892 1228 quae
1930 1117 2134 1231 Neapoli·

733 1239 938 1322 conuenit
965 1233 1052 1346 poli
1086 1230 1319 1320 altitudine
1350 1249 1571 1341 tantopere
1606 1228 1804 1328 aberret,
1827 1232 2116 1346 uthlemphis

733 1355 898 1465 Regiae
917 1354 1106 1462 Aegypti
1141 1349 1269 1434 Urbis
1298 1341 1571 1430 latitudinem
1601 1342 1761 1430 referre
1789 1341 2111 1434 uideatur.Vie'

736 1475 879 1552 samen
908 1463 1053 1548 induri
1076 1463 1239 1578 possum
1264 1478 1310 1548 ut
1343 1457 1516 1542 credam
1551 1457 1631 1543 tale
1647 1455 1934 1569 ¹horologium
1961 1459 2013 1545 ad
2035 1468 2111 1550 rie·¹

736 1584 916 1696 gyptiae
945 1579 1072 1666 Urbis
1111 1572 1226 1664 usum
1262 1575 1405 1684 primb
1436 1570 1847 1672 accommodatum,
1883 1576 2110 1688 Neapolim

733 1691 891 1782 deinde
922 1689 1141 1796 advet‘lum
1170 1692 1321 1791 suisset
1351 1715 1430 1800 pro
1461 1689 1754 1772 Romanorum
1782 1697 2110 1801 morequiPro·

732 1813 971 1898 uinciarum
1001 1805 1142 1916 spoliis
1175 1799 1581 1918 elegantioribusque
1610 1809 1896 1887 monumentis
1929 1803 2112 1894 ditesce·

738 1955 786 2012 re
807 1923 1136 2008 consueverant·
1157 1917 1281 2006 Haud
1303 1913 1430 2001 facite
1447 1915 1556 2031 mihi
1581 1912 1810 2026 persuadeo
1833 1919 1983 2005 inutile
2005 1950 2110 2008 mar·

604 2042 607 2046 ’
736 2064 926 2126 marcum
964 2034 1125 2150 pondus
1152 2089 1167 2135 ,
1198 2031 1303 2121 nulli
1330 2037 1436 2117 artis
1469 2028 1682 2143 elegantis
1715 2032 2108 2132 commendabilu

735 2149 761 2237 ὲ
794 2153 1025 2264 longinquo
1055 2157 1327 2262 'exportatum
1362 2140 1478 2230 fuisse
1502 2170 1519 2250 3
1547 2141 1712 2259 quodsi
1741 2149 1802 2228 ita
1841 2144 1995 2231 fastum
2026 2153 2109 2254 ht,

736 2265 784 2350 id
817 2259 1044 2376 contigisse
1070 2264 1302 2350 dicendum
1326 2261 1381 2348 ess
1411 2257 1600 2358 etaffiori
1630 2255 1867 2372 sphaericae
1897 2259 2109 2356 doetrinae

675 2393 688 2403 “’
734 2377 978 2492 ignorantis
996 2391 1145 2492 ‚atque
1172 2378 1312 2467 eidem
1334 2371 1602 2460 tribuendum
1636 2379 1779 2458 errori·
1807 2405 1890 2487 quo
1907 2373 2109 2493 dereptus

737 2492 891 2582 Consul
923 2491 1119 2580 Valerius
1150 2493 1347 2610 Mrstala,
1379 2488 1592 2574 reserente
1620 2489 1798 2582 Plinio,
1834 2492 2112 2606 horologium

737 2605 763 2692 ὲ
796 2603 945 2693 Sicilitl
973 2604 1207 2694 transvexit
1237 2610 1344 2694 &in
1372 2601 1567 2688 columns
1594 2629 1728 2715 prope
1755 2600 1901 2716 Rostra
1930 2610 2109 2695 colloca·

736 2725 835 2820 t'rit',
865 2721 980 2834 qnod
1007 2727 1054 2806 in
1081 2749 1133 2808 eo
1167 2719 1388 2808 illustriori
1421 2716 1521 2802 loco
1556 2746 1631 2830 per
1652 2743 1782 2804 anuos
1811 2749 1881 2830 99·
1904 2725 2109 2830 perstitit,

735 2834 840 2921 licet
880 2831 933 2919 ad
969 2836 1094 2922 aliam
1131 2833 1402 2922 latitudinem
1449 2828 1731 2942 compositum
1773 2831 1827 2917 ad
1862 2833 1986 2922 horas
2032 2835 2108 2926 de·

731 2943 1020 3034 monstrandas
1046 2949 1193 3036 nullius
1215 2949 1304 3034 usus
1331 2947 1488 3034 suerit·
1507 2949 1666 3033 Verum
1690 2943 1804 3062 quod
1824 2945 1847 3028 s
1867 2955 1972 3033 eslat
1998 2957 2111 3041 Her·

606 3081 609 3086 ·
732 3062 925 3149 culanum
953 3063 1268 3175 horologium,
1298 3061 1403 3148 illud
1438 3059 1715 3149 construcium
1750 3060 1810 3144 fui
1845 3092 1867 3146 e
1894 3063 1946 3148 ab
1978 3071 2113 3182 impe-

730 3181 823 3265 rito
855 3173 1041 3288 quodam
1067 3177 1281 3272 artifice,
1307 3177 1447 3288 quales
1478 3193 1618 3264 aetate
1650 3176 1837 3290 quilibet
1870 3185 2109 3274 extitere,-

729 3291 947 3406 plurimi,
980 3292 1240 3404 probabilibs
1270 3294 1431 3404 conjici
1459 3285 1570 3404 posse
1595 3289 1805 3400 videtur3
1837 3321 1933 3378 cum
1960 3294 2110 3382 inscul-

617 3451 622 3456 -
727 3425 851 3519 ptum
889 3405 1087 3494 exhibeat
1124 3405 1262 3492 solum·
1291 3425 1563 3520 aequatorem
1589 3415 1608 3506 ξ
1633 3404 1928 3518 praetermissis
1972 3415 2107 3524 tropi·

734 3525 778 3604 ci
816 3573 831 3626 ,
871 3525 944 3634 qui
984 3519 1037 3606 ad
1074 3521 1224 3608 talium
1266 3521 1592 3632 horologiorum
1632 3523 1985 3608 constructionem
2016 3555 2109 3610 om·

732 3640 850 3720 nino.
872 3640 1140 3749 requiruntur
1177 3635 1302 3750 3h0s
1336 3654 1487 3721 tamen
1531 3636 1585 3718 ab
1629 3633 1798 3721 artifice
1832 3641 2022 3750 primum
2052 3639 2110 3727 le·

738 3754 781 3834 vi
811 3750 932 3835 duur
971 3748 1205 3840 delineatos
1242 3748 1445 3852 ,..detnde
1482 3745 1620 3832 erasos
1651 3748 1890 3862 deletusque
1936 3749 2110 3846 suillo

732 3891 818 3948 non
846 3881 1084 3977 repugnat,
1122 3865 1194 3952 sed
1213 3869 1356 3956 mlnus
1386 3861 1640 3974 diligenter.
1671 3863 1833 3952 Similis
1864 3869 2108 3975 imperitiae

731 3982 916 4110 antiquis
957 3983 1220 4094 temporibus
1257 3979 1430 4077 illustria
1458 4005 1543 4062 non
1572 3975 1717 4061 desunt
1746 3978 1935 4092 exempla
1967 4007 1984 4086 3
2011 4011 2109 4072 cum

731 4092 932 4206 Papirius
966 4097 1147 4212 Cursor,
1177 4097 1280 4184 telle
1306 4093 1488 4205 Plinio,
1513 4119 1620 4176 anno
1647 4093 1773 4179 Urbis
1800 4093 2005 4183 conditae
2018 4107 2105 4186 cir·

735 4215 852 4297 citer
878 4229 983 4310 400.
1010 4209 1297 4299 construxerit
1332 4204 1477 4297 Solate
1498 4205 1787 4316 Horologium
1819 4207 1935 4298 tanti
1953 4209 2107 4298 fassum

733 4319 1030 4434 negligent-iri,
1061 4341 1104 4408 ut
1135 4323 1248 4412 aliud
1279 4322 1303 4408 ὲ
1334 4321 1488 4408 Siciliai
1515 4341 1815 4434 exportatum,
1844 4324 1947 4407 huic
1969 4323 2110 4414 subili-

733 4454 828 4522 tum
858 4435 987 4524 suerit
1021 4487 1035 4536 ,
1065 4436 1177 4524 haud
1210 4435 1384 4553 quidem
1421 4433 1692 4525 accuratius..
1718 4439 1819 4548 Jam
1844 4435 1897 4523 ad
1924 4443 2111 4529 nollrum

734 4549 1028 4662 Horologium
1060 4551 1188 4640 redeo
1200 4594 1214 4634 .·

781 4717 784 4728 -
852 4669 987 4754 Hora's
1013 4673 1204 4780 antiquas
1234 4665 1447 4768 exhibet,
1475 4695 1578 4785 quae
1607 4665 1760 4781 nempe
1794 4670 1965 4757 abortu
1994 4671 2107 4756 Solis

733 4777 787 4865 ad
824 4776 1031 4866 occasum
1067 4789 1282 4868 numerari
1315 4787 1397 4880 ,ἃ
1435 4788 1480 4870 io
1517 4779 1750 4870 duodecim
1790 4783 2122 4901 partes-diuidi·

732 4889 940 4990 solebant·
970 4895 1162 4984 Euidens
1197 4917 1338 4986 autem
1371 4899 1428 4984 est
1448 4902 1574 4985 horas
1599 4898 1687 4983 illas
1713 4925 1794 4986 uno
1818 4897 2111 5016 quolibet-die

733 5009 953 5194 aequales,
982 5009 1271 5182 pro'diversts
1301 5007 1446 5174 diebus
1485 5012 1727 5132 inaequales
1755 5017 1864 5110 esse·
1896 5012 2113 5242 Tadbslohgli

2264 6111 2279 6477 r
