4552 6504
697 733 719 802 .·
1399 649 1532 778 ²95

254 881 257 886 ¹
354 774 564 888 Peg-28¹·
599 769 788 891 relapso
828 800 938 868 anno
958 803 979 874 t,
999 773 1117 866 Adria
1212 777 1305 896 ,(ι)

194 955 199 966 ·
255 885 548 981 cluniacenses
580 887 663 974 boc
685 887 776 1006 ipso
797 919 906 980 anno
944 901 1099 1002 1145„
1121 891 1534 988 eoArna'ldistaaom

149 1001 333 1092 tumultu
361 1059 376 1106 ‚
406 1031 490 1118 quo
521 1009 732 1118 Eugenius
773 1004 977 1094 Pontifex
1013 1010 1148 1096 tertio
1185 1009 1402 1100 alemonis
1440 1012 1533 1102 snae

135 1117 214 1206 elie
246 1121 359 1209 Urbe
392 1117 599 1232 excedere
619 1116 782 1206 coines
810 1121 902 1230 est,
935 1125 977 1204 S.
1001 1123 1130 1212 Sabae
1155 1126 1342 1240 ejettor,
1375 1153 1429 1216 ex
1451 1131 1535 1216 ue·

139 1237 197 1320 tri
233 1235 506 1334 Venerabilis
535 1234 713 1322 Abbatis
742 1235 926 1324 Romam
955 1233 1160 1340 adventu,
1204 1239 1532 1357 ejusdemquein
1602 1233 1608 1247 “

133 1375 186 1436 ea
237 1348 430 1464 bospitio
467 1351 750 1464 conjet‘iuram
783 1347 950 1440 facio·
995 1351 1142 1442 Video
1173 1361 1290 1442 eninr
1319 1362 1563 1448 Petrum

136 1465 300 1554 Urbem
339 1467 464 1552 initio
495 1463 776 1554 Pontificarus
814 1470 1001 1578 Eugenii
1049 1464 1325 1581 ingreium,
1360 1501 1444 1562 non
1473 1470 1585 1564 ad.'

139 1579 446 1670 Monasterium
481 1584 524 1668 S.
538 1580 699 1681 Sabae,
722 1575 774 1666 ad
797 1580 1090 1671 cluniacenses
1119 1581 1213 1669 suos
1239 1590 1302 1670 uti
1326 1615 1402 1696 par
1419 1605 1533 1689 erat,

140 1711 266 1810 atque
289 1700 354 1780 uti
395 1689 494 1790 sane,
538 1695 698 1784 fecisset
732 1748 748 1794 ‚
781 1694 808 1782 sa
842 1698 985 1784 iocum
1019 1696 1381 1788 huoctenuiffent
1414 1697 1531 1788 :sed

139 1806 196 1894 ad
218 1813 260 1894 S.
281 1813 468 1900 Mariam
503 1817 672 1900 Novam
693 1809 1008 1902 divertissent
1024 1811 1528 1930 primordiit‚·inquit(a)
1569 1835 1855 1916 (nmectaenba.

139 1924 410 2043 Portifitrtrrs
433 1927 605 2014 Domini
617 1932 755 2037 Papae
779 1923 990 2037 augerii,
1019 1927 1073 2017 ed
1093 1927 1337 2034 viteredum
1361 1949 1450 2016 tan
1467 1928 1528 2039 ip·
1566 1919 1722 1990 Mihi*

131 2052 232 2170 sarm
245 2100 262 2140 ‚
288 2061 412 2156 qnam
446 2067 697 2126 communem
727 2064 900 2126 tratrem
932 2047 1161 2128 Romanam
1197 2042 1415 2157 Etrissant
1444 2047 1529 2151 Rae

142 2189 254 2248 mem
290 2155 417 2242 arii.
451 2157 562 2241 illuc
581 2155 832 2266 perveniens
862 2156 973 2269 apud
1008 2157 1333 2243 cardinalatum
1364 2166 1412 2245 S.
1429 2163 1529 2244 Ma·

141 2277 236 2366 riae
269 2275 445 2372 Novae,
476 2271 584 2386 quod
604 2273 731 2370 juxto
753 2271 972 2384 antiquum
999 2271 1170 2358 Romuli
1200 2275 1418 2386 Templum
1437 2300 1527 2358 cott-

131 2385 349 2509 flruilam·
376 2381 459 2496 est,
489 2382 711 2500 hospitium
723 2383 891 2500 strscepi
920 2413 932 2466 .·
963 2391 1087 2474 Petri
1117 2385 1169 2472 ad
1193 2387 1353 2474 Urbem
1374 2387 1526 2478 adren-

144 2529 244 2604 tus,
269 2500 332 2586 vel
370 2499 452 2584 hoc
478 2527 623 2596 anno,
652 2528 736 2612 quo
766 2499 886 2584 illum
912 2499 1094 2586 collocat
1126 2503 1443 2597 Batonius,vel
1468 2501 1527 2589 se·

142 2621 314 2735 quentis
347 2618 479 2698 initio
500 2619 693 2725 contigit
721 2669 733 2697 .
769 2615 916 2698 Serius
943 2611 1140 2726 protrahi
1178 2621 1325 2729 nequit
1357 2669 1374 2710 ,
1406 2616 1525 2704 idem

61 2806 65 2817 .
143 2739 262 2824 enim
288 2728 373 2814 alio
403 2734 447 2811 in
485 2729 583 2814 loco
615 2725 787 2812 testatur
816 2725 939 2832 (b),
970 2725 1009 2812 se
1036 2727 1121 2811 hoc
1148 2726 1239 2840 ipso
1268 2734 1413 2840 primo
1446 2737 1526 2816 Eu·
1565 2715 1857 2800 fflffl‘W·

146 2851 268 2962 genii
290 2868 398 2928 anno
411 2843 575 2927 Romae
593 2837 710 2925 fuisse
731 2871 743 2930 ε
780 2839 964 2926 uideram
993 2868 1082 2924 eum
1112 2839 1132 2946 (
1150 2847 1387 2956 bugenium
1405 2843 1527 2954 )pri-
1675 2941 1677 2944 Ι

142 2991 211 3047 mo
241 2983 345 3042 anno
373 2954 633 3068 Apostolatus
669 2951 791 3069 instrat
822 2959 975 3040 Romae
1004 2985 1018 3066 3
1047 2951 1182 3066 posita
1213 2956 1399 3041 videram
1424 2955 1527 3043 Clu·

147 3075 263 3162 niori
276 3069 364 3164 &n
396 3073 606 3183 Eugenius
625 3095 787 3190 porro,
810 3089 853 3154 ut
870 3069 960 3156 dixi
979 3133 996 3184 ,
1012 3099 1048 3180 3·
1063 3072 1155 3154 Kei-
1176 3073 1307 3156 Mart·
1324 3101 1411 3158 amr
1428 3099 1521 3178 145·

145 3185 354 3282 Pontifex
391 3205 555 3272 creatus
570 3181 627 3268 est
645 3182 792 3274 .Adde
807 3181 921 3299 quod
941 3191 1063 3272 novis
1085 3183 1414 3274 Arnaldistarum
1433 3217 1527 3273 mo·

147 3307 264 3393 tibus
286 3305 523 3414 exagitatus
539 3303 783 3410 augentur,
803 3307 946 3412 paucis
963 3299 1180 3416 postquam
1205 3299 1389 3390 redierat
1409 3331 1530 3389 men·

148 3419 257 3506 sabos
282 3469 298 3515 ,
322 3415 437 3532 Urbe
463 3419 619 3504 iterum
647 3411 853 3504 eii-cedere
882 3423 1045 3502 coatius
1079 3413 1138 3500 est
1171 3469 1186 3512 ,
1218 3443 1343 3541 qnam
1373 3419 1528 3523 Italia,

147 3540 184 3622 br
215 3531 353 3618 Gallia
374 3549 598 3644 peragrata
627 3557 736 3614 anno
767 3547 931 3616 tantum
971 3553 1090 3640 1149·
1124 3534 1269 3614 reviit't
1294 3561 1313 3612 .·
1336 3529 1419 3618 Sed
1452 3560 1528 3616 nec

148 3655 283 3734 citius
313 3647 546 3734 Decembri
579 3651 680 3730 anni
713 3670 836 3750 ¹145·
869 3648 990 3732 Petri
1017 3643 1221 3734 adventus
1261 3643 1526 3731 statuendos.

147 3771 262 3849 Nam
292 3763 504 3872 Eugenius
523 3814 537 3860 a
559 3779 611 3874 ut
632 3755 856 3858 dicebam,
875 3763 1012 3846 Roma
1032 3766 1169 3870 tertio
1195 3761 1407 3846 electionis
1439 3757 1530 3846 snae

148 3876 221 3962 die
254 3875 454 3988 elapsus,
489 3895 614 3988 atque
648 3878 693 3958 in
716 3865 897 3962 Patienti·
930 3875 1112 3962 Abbatia
1149 3871 1416 3962 consecratus
1451 3878 1532 3959 Vi·

149 3991 340 4078 terbium
367 3991 407 4074 se
438 3989 652 4098 contulit3
682 4017 829 4102 neque.
853 3987 972 4096 illinc
1002 4012 1105 4076 ante
1132 3989 1415 4075 Decembrem
1458 3987 1531 4074 hu·

144 4103 261 4220 jusce
280 4112 375 4191 anni
394 4105 574 4190 Romam
608 4101 770 4190 rediit.
805 4106 1017 4192 Vetrailae
1039 4103 1280 4188 morabatur
1301 4109 1428 4187 initio
1455 4101 1531 4187 hu·

145 4225 209 4332 jus
244 4220 420 4318 mensae,
450 4225 512 4304 uti
539 4215 739 4306 testantur
768 4219 948 4331 ejusdem
980 4219 1150 4304 litterae
1176 4217 1228 4300 ad
1260 4216 1531 4307 Ludovicnm

149 4333 376 4442 Gallorum
405 4337 569 4447 Regem
597 4331 719 4420 datae
742 4337 845 4420 Kar.
864 4343 964 4420 Dec.
997 4331 1257 4429 Velrellre,
1292 4359 1391 4444 quas
1425 4337 1534 4417 reci·

148 4469 213 4534 tat
247 4453 454 4534 Batonius
481 4505 492 4530 ·
528 4448 759 4534 Decembri
810 4467 986 4535 exettnte
1011 4451 1173 4531 Romae
1198 4443 1379 4544 aderat,
1411 4443 1534 4559 ssqui-

146 4563 251 4654 dem
289 4567 712 4650 Natalemnomini
741 4561 855 4650 diem
882 4567 1045 4648 Romae
1085 4561 1353 4661 celebravit,
1390 4567 1450 4644 uti
1477 4559 1531 4646 'er

146 4687 321 4767 Ottone
356 4675 598 4791 Fritingenb
631 4677 761 4762 refert
803 4683 1047 4762 Batonius:
1079 4681 1139 4758 At
1168 4669 1534 4782 aegerrimam,

147 4793 350 4880 Romanis
377 4795 452 4900 hor
475 4809 656 4903 tempore
677 4809 825 4902 parem
842 4786 955 4901 fecit
985 4845 999 4890 ,
1029 4808 1077 4874 ut
1107 4788 1360 4873 Patricietrts
1395 4787 1534 4896 digni-

145 4927 284 4997 tatem
316 4902 714 5020 exfestucantib&
751 4903 1008 5012 Proefibium
1040 4905 1085 4985 in
1100 4899 1322 5016 prisit‘nom
1346 4904 1529 5010 dignita·

147 5047 233 5108 tem
267 5023 503 5132 reciperent
529 5025 793 5142 ⁸,serratam
824 5047 917 5106 otro
951 5021 1111 5118 exejus
1140 5013 1388 5102 auiiorr'trte
1416 5011 1532 5102 taetre·

541 5161 544 5168 ·
1407 5155 1535 5218 rent:
