4666 6492
758 594 835 718 18
1040 610 1533 712 nrssrnrarto
1580 609 1825 704 ratur
1873 688 1874 691 ψ

624 849 629 854 .
747 757 985 874 alore'sout
1012 785 1093 843 une
1112 753 1323 872 epithete,
1356 755 1431 866 qui
1464 753 1505 836 le
1524 747 1683 865 destgne
1705 755 1725 861 (
1748 747 1932 865 Vilior)
1963 776 2013 838 en
2050 752 2146 839 lettr·

749 884 902 990 langue
923 903 935 961 t
952 871 1001 986 st
1026 904 1070 958 ce
1103 873 1236 988 rt'esl,
1266 895 1347 982 que
1380 893 1478 952 nous
1515 867 1705 966 trojans,
1736 863 1867 976 qu'ilr
1901 869 2053 984 l'ajent
2074 893 2145 952 en·

322 1101 326 1106 ,
749 997 878 1085 tenlu
902 989 1003 1107 sous
1038 992 1158 1098 celuy
1186 988 1236 1072 de
1265 987 1495 1096 Tplnmoe·
1538 985 1665 1092 Jnvis
1703 983 1887 1094 Tropaei
1930 985 2142 1098 templum

420 1120 467 1194 la)
485 1109 708 1178 pentuma.
754 1111 863 1228 apud
893 1103 1231 1192 Lacedaemones
1249 1117 1460 1186 memorat
1480 1094 1655 1210 quidem
1677 1096 1894 1184 Pausanias
1914 1104 1983 1212 (a)
2004 1154 2015 1177 ·
2037 1103 2146 1186 Tro·

425 1214 502 1258 ‘¹¹²‘
745 1228 848 1342 poci
874 1219 998 1334 ‘Jouir
1028 1219 1168 1306 aedem
1190 1215 1393 1327 ficerunt
1425 1209 1642 1322 Dorienses
1660 1208 2027 1325 hellosuperatis,
2051 1239 2141 1298 tum

754 1341 858 1430 aliis
887 1335 1090 1434 Achaeis,
1118 1333 1194 1448 qni
1225 1349 1326 1414 tuuc
1351 1325 1596 1411 Laconicum
1614 1323 1757 1440 solum
1786 1330 2022 1432 tenebant,
2052 1348 2143 1413 tum

757 1456 853 1574 ipstr
884 1449 1013 1536 etiam
1043 1443 1350 1560 Amyclensthns
1376 1473 1390 1548 a
1419 1447 1546 1554 Jouis
1574 1439 1690 1550 hujus
1723 1439 1990 1534 limulacrum
2026 1498 2041 1546 ,
2078 1450 2146 1530 tri·

756 1577 936 1658 storiam
963 1564 1145 1679 gesstlle,
1166 1557 1280 1680 quod
1316 1576 1439 1670 putat
1468 1551 1682 1642 Trilianus
1716 1605 1730 1651 ,
1762 1569 2007 1672 neutiquam
2037 1569 2144 1648 pau.

758 1689 889 1774 sanias
920 1683 1048 1769 docet
1078 1735 1089 1757 ·
1136 1684 1295 1766 Verum
1334 1679 1452 1772 enim
1496 1697 1604 1754 vero
1630 1666 1863 1780 Nicephcri
1887 1675 2013 1788 ‘Jooir
2035 1699 2145 1764 tem·

662 1868 669 1874 -
758 1807 871 1918 plum
896 1855 913 1896 ‚
941 1796 1048 1910 apud
1083 1799 1351 1911 Spanianum
1382 1793 1427 1872 in
1460 1789 1552 1870 vita
1577 1785 1830 1888 Hadriani,
1865 1793 2073 1880 invenisse
2101 1789 2141 1878 se

431 1967 477 2044 (b)
497 1963 718 2032 mmmm,
759 1937 875 2034 putat
903 1913 1162 2002 Casaubonus
1193 1907 1262 2018 (b)
1293 1933 1306 1989 ἔ
1335 1897 1483 1986 habui!
1507 1917 1645 1982 lulum
1675 1953 1688 1998 ‚
1720 1903 1993 2010 Hadrianus,
2020 1924 2148 2016 prae·

430 2053 519 2136 spat.
745 2032 1026 2153 sumptionem
1056 2021 1232 2135 lmperii
1264 2043 1358 2101 cnon
1385 2013 1533 2128 futuri
1558 2067 1573 2116 ,
1602 2042 1652 2126 err
1681 2019 1793 2102 Fano
1823 2048 1982 2136 quoque
2011 2020 2147 2107 Nice·

751 2149 880 2262 phari
900 2145 1023 2258 floris
1055 2157 1252 2225 manante
1275 2129 1460 2250 responso
1481 2183 1495 2230 ,
1518 2133 1654 2243 inquit
1670 2139 1956 2248 Spartianus·
1984 2149 2037 2224 At
2063 2163 2147 2250 ego

760 2267 956 2352 Salmalto
985 2248 1214 2359 assentior,
1243 2263 1314 2362 qui
1347 2253 1613 2362 optimorum
1641 2251 1851 2338 Codicum
1875 2257 2150 2352 auctoritare,

432 2417 476 2489 nt
499 2411 721 2481 Sarmentum
762 2383 884 2490 5otrir
918 2369 1170 2487 Nicephorii
1199 2361 1424 2476 legendum
1454 2383 1597 2446 monet
1630 2364 1734 2476 (t),
1769 2371 1950 2456 utnulla
1985 2369 2150 2454 dubita·

432 2499 520 2581 span.
597 2561 601 2566 -
762 2505 830 2584 tio
861 2496 939 2592 tir,
969 2499 1073 2605 quin
1102 2486 1156 2572 de
1185 2478 1459 2592 Nicephorio
1487 2478 1652 2590 oppido
1684 2511 1733 2568 ca
1765 2484 1938 2572 iendum
1973 2483 2020 2571 stt
2041 2538 2051 2560 ·
2072 2489 2149 2599 Jo-

763 2618 808 2697 vi
839 2611 1003 2696 scilicet
1030 2635 1081 2693 etc
1106 2603 1310 2694 10c0‚ut·
1336 2593 1438 2679 aliis
1472 2591 1697 2706 contigisse
1724 2515 1852 2688 ‹iocui
1872 2655 1886 2702 ,
1904 2625 2149 2712 cognomen

760 2727 911 2832 salium
943 2723 1004 2811 est
1033 2777 1050 2820 ,
1080 2743 1162 2804 non
1190 2712 1286 2798 loco
1308 2737 1358 2796 ex
1385 2711 1513 2821 Jovis
1551 2720 1811 2823 cognomine
1848 2716 2035 2804 inditum
2072 2743 2152 2800 no·

673 2937 678 2946 ,
760 2847 892 2942 men,
926 2857 968 2925 ut
1002 2835 1263 2926 casaubonus
1304 2826 1470 2912 volebat
1493 2887 1506 2911 .
1530 2825 1782 2940 Nicephorii
1801 2861 1937 2946 porro
1970 2839 2149 2924 nomine

645 2965 648 2974 '
762 2957 942 3048 illustres
964 2953 1072 3070 apud
1100 2967 1269 3038 veteres
1295 2941 1414 3028 fuere
1451 2940 1649 3040 Fluvios,
1677 2951 1750 3058 qui
1787 2952 2150 3063 Tigranocertam

437 3115 486 3195 (p,
509 3117 723 3180 iactatam.
761 3073 1083 3188 praeterfluebat
1117 3133 1132 3172 ‚
1164 3061 1549 3169 Tigranocertam,
1584 3067 1725 3172 inquit
1761 3067 1942 3150 Tacitus
1977 3067 2045 3177 (d)
2079 3091 2154 3149 ur·

761 3188 852 3273 bem
880 3187 996 3300 copia
1023 3181 1280 3296 defensorum
1304 3171 1357 3266 δ’
1387 3167 1677 3282 magnitudine
1705 3180 1907 3262 moenium
1928 3179 2144 3264 ualidam:

760 3303 916 3391 adhaec
938 3295 1217 3410 Nicephorius
1233 3287 1367 3374 omnis
1390 3289 1501 3372 haud
1515 3287 1756 3404 spernenda
1776 3293 2003 3380 latitudine
2021 3314 2148 3406 ,pcr-

763 3438 847 3505 tem
880 3441 1090 3504 murorum
1123 3407 1300 3494 ambit:
1344 3401 1526 3520 ejusdem
1558 3409 1762 3493 nominis
1802 3406 2150 3522 Mesopotamiae

407 3547 726 3635 'castrensium
765 3536 873 3624 Urbs
906 3533 1020 3630 fuit,
1050 3555 1155 3642 quae
1188 3516 1341 3610 deinde
1369 3515 1671 3632 Constantina,
1695 3521 1780 3612 stve
1809 3523 2047 3639 Constantio
2078 3527 2145 3634 (e)

764 3651 874 3736 dina
894 3647 964 3736 est.
984 3637 1284 3752 Nicephorium
1303 3633 1619 3746 appellabatur,
1642 3641 1782 3754 inquit
1802 3642 2034 3755 Stephanus
2064 3643 2151 3754 (f)

765 3761 1062 3881 Constantina,
1092 3755 1200 3845 Urbs
1226 3751 1339 3836 circa
1372 3747 1577 3864 tapam,
1617 3754 1788 3840 authore
1815 3755 1974 3843 Urania
1999 3755 2152 3870 .fijus·

764 3883 861 3972 dem
886 3885 1120 3968 meminere
1142 3869 1328 3968 Strab0‚
1354 3865 1547 3964 Plinius,
1582 3869 1846 3961 Ptolemaeus
1872 3923 1894 3967 ,
1915 3893 2039 3988 atque
2071 3871 2149 3958 Ist-

436 3703 723 3807 (srSteplrmNtnrro

293 4003 296 4010 ’
433 3998 724 4090 tgtseeaa.11.,.747‚
761 3995 891 4082 dorus
920 3995 1190 4084 Characenus
1221 3983 1291 4092 (g)
1317 4047 1332 4088 ,
1358 4005 1539 4094 qnorum
1572 3977 1791 4080 Isidorus,
1817 3991 1854 4072 &
1890 3989 2055 4074 Plinius
2085 4017 2154 4072 ur·

430 4078 605 4222 {²1¹{¹'g‚¹{}2⁹'
628 4110 721 4170 aaa.
759 4114 860 4199 bem
887 4111 938 4196 ab
968 4103 1209 4194 Alexandro
1243 4103 1305 4182 M.
1333 4094 1554 4181 conditam
1586 4101 1827 4188 testantur:
1858 4105 1909 4185 ln
1943 4099 2146 4189 uicinia-a

431 4235 614 4306 norma.
760 4224 986 4336 Euphratis
1017 4277 1034 4318 ,
1064 4221 1204 4333 inquit
1245 4213 1412 4300 Plinius
1445 4266 1461 4314 ,
1490 4211 1789 4327 Nicephorium
1830 4211 1897 4301 uti
1929 4217 2149 4318 diximus,

431 4313 494 4376 ¹⁶⁶·
508 4319 595 4386 ⁰¹³¹·
608 4347 675 4408 Μ·
758 4343 866 4458 qnod
890 4340 1134 4426 Alexander·
1170 4326 1279 4443 juffit
1309 4326 1428 4415 condi
1447 4345 1625 4442 propter
1651 4331 1735 4432 loci
1760 4333 2145 4443 opportunitatem:

598 4465 602 4482 ¹
757 4463 905 4544 Miror
936 4481 1068 4566 porro
1101 4480 1172 4541 cur
1209 4446 1256 4531 id
1296 4481 1319 4536 a
1351 4445 1529 4530 Seleuco
1562 4441 1714 4533 salium
1748 4445 1959 4558 scripserit
1989 4453 2155 4538 Froeli·

756 4573 913 4656 chius:
944 4567 1110 4652 Seleuci
1137 4561 1325 4650 villariis
1365 4559 1667 4673 Nicephorium
1687 4561 1734 4646 irc
1754 4561 1966 4677 Mesopota
1976 4563 2151 4669 mio,irr

427 4687 712 4833 tptsrroeuemm.
753 4685 956 4773 Armenia
984 4680 1198 4792 Nicopolis
1255 4702 1397 4764 nornen
1423 4676 1632 4790 sumpfire
1662 4677 1769 4786 (h).
1808 4681 1875 4765 Ab
1925 4677 2145 4768 Hadriano

459 4779 624 4856 'y‘'p'¹⁶’
756 4811 1022 4915 Imperatore
1072 4801 1367 4882 Romanorum
1398 4791 1577 4880 Colonia
1618 4794 1720 4882 falia
1761 4793 1861 4895 est,
1907 4796 2008 4881 huic
2035 4802 2152 4880 euim

428 4964 715 5042 (truncatae.
756 4915 1032 5006 tribuendum
1077 4911 1225 4998 censeo
1267 4935 1365 4990 cum
1397 4905 1618 4996 Harduino
1648 4906 1731 5022 (i)
1777 4907 1987 4997 Hadriani
2022 4907 2146 5022 ipsius

430 5059 554 5132 Niara.
754 5060 925 5121 numum
966 5031 1081 5142 cujus
1102 5033 1146 5113 in
1168 5023 1317 5112 aversa
1338 5042 1457 5136 parte
1491 5021 1586 5136 lego
1607 5029 1890 5115 COLONIA·
1910 5029 2147 5114 NICEPH.
