1240 1698
736 184 801 213 299
835 180 850 184 w

148 450 425 491 ‘MAURUS
465 463 735 496 SARTIUS

222 508 336 543 ΑΒΒᾼΒ
356 507 676 533 CAMALDULENSIS

118 552 163 587 V.
186 551 262 587 CL.
285 550 506 585 GASPARI
537 553 792 593 ODERICIO

274 605 276 608 ·
302 607 304 609 ·
321 602 332 619 s
357 603 376 621 0
398 603 421 622 e.
471 605 480 626 J
506 604 519 622 E
544 604 556 623 s
582 605 597 623 υ

338 647 343 658 “-
388 645 412 669 8.
430 645 459 671 P.
478 646 512 671 D.

334 685 444 714 Ratulor
454 686 501 715 tibi
512 690 638 723 majorem
648 690 675 717 in
681 690 802 723 modum,

352 725 386 752 V.
397 725 439 753 Cl.
448 745 456 757 ‚
466 726 537 763 quod
546 727 683 755 eonsilium
691 731 803 766 coeperis

350 762 475 799 vulgandi
486 784 494 796 ‚
511 767 540 793 ὅ(
560 765 701 794 illustrandi
712 766 802 795 Inscri-

353 803 454 838 ptiones
475 805 592 841 antiquas
603 805 667 832 bene
685 805 780 834 multas
791 826 800 837 ‚

350 841 389 867 his
399 842 529 879 proximis
539 843 702 881 temporibus
716 854 804 882 reper-

352 886 391 906 tas
402 899 410 910 ,
429 889 459 907 ac
478 880 598 909 nondum
618 881 698 917 edigas
708 902 717 913 ,
736 893 803 920 quae

103 923 142 941 res
163 917 191 943 ὃ(
211 924 334 951 magnam
354 917 404 945 tibi
422 920 534 954 gratiam
554 919 623 957 apud
643 922 801 958 antiqqitatis

102 961 229 981 amatores
249 954 398 984 conciliabit
406 977 414 988 ‚
433 958 462 985 ὃ(
482 957 514 984 ad
533 958 680 994 augendam
691 980 700 991 ‚
719 970 798 996 quam

101 989 132 1017 de
141 1000 168 1020 te
177 992 295 1020 homines
305 994 409 1026 habent,
419 1005 473 1023 non
484 995 600 1032 vulgaris
606 997 758 1026 eruditionis
769 1000 799 1026 ὅ(

101 1028 234 1058 ἆοᾶὶτίῃαο
253 1033 406 1070 opinionem
413 1054 422 1065 ,
439 1033 535 1062 valebit
554 1035 700 1073 plurimum
720 1056 728 1063 .
748 1035 798 1064 Sed

100 1068 164 1097 illud
175 1071 240 1097 mihi
259 1072 445 1109 permolestum
455 1073 550 1101 accidit
561 1094 569 1105 ,
589 1073 660 1111 quod
670 1084 725 1102 non
739 1082 800 1102 ante

99 1108 165 1137 ullus
176 1111 230 1143 ejus
241 1112 276 1137 rei
288 1120 381 1139 rumor
391 1111 423 1139 ad
432 1122 474 1140 me
484 1114 640 1150 pervenerit,
650 1122 797 1151 quamper-

98 1147 160 1176 fedta
170 1155 300 1186 typorum
310 1159 389 1188 opera
399 1170 407 1181 ,
417 1157 478 1179 tuus
488 1151 552 1178 liber
563 1161 647 1190 prope
655 1154 707 1186 jam
718 1153 745 1178 in
755 1150 797 1179 Iu-

97 1196 155 1214 cem
166 1189 256 1215 exiret.
267 1188 340 1216 Nam
350 1188 431 1227 fiquid
439 1198 511 1217 antea
521 1199 549 1217 ea
560 1190 592 1217 de
602 1200 629 1217 re
639 1188 796 1221 fixboluiss‘et,

96 1225 220 1264 petiissem
231 1236 245 1253 a
254 1234 279 1254 te
290 1235 340 1265 pto
351 1228 435 1256 nostra
445 1230 525 1257 veteri
542 1229 670 1260 amicitia,
689 1236 717 1256 ut
728 1238 793 1267 pau*

96 1275 137 1294 cas
147 1265 246 1304 aliquot
256 1266 436 1305 Inscriptiones
447 1287 455 1299 ,
471 1278 535 1328 qusss
542 1276 593 1302 ego
602 1275 706 1316 queque
715 1277 729 1294 e
739 1274 795 1328 teni-e

526 1314 540 1336 p
554 1312 566 1328 2
