4666 6492
687 621 841 714 20
978 608 1536 706 *Dissnsrn'sm
1582 607 1822 700 PRIMA

755 759 890 842 altero
922 745 1029 834 diem
1057 751 1112 837 ad
1149 748 1369 862 Templum
1405 749 1526 861 yonis
1554 773 1675 860 quem
1710 747 2136 841 Nicaeumssuocent,

746 865 887 984 posuit
914 862 1079 980 cestra,
1111 871 1342 952 Vislorem·
1363 866 1441 952 esse
1475 863 1610 968 velit,
1645 888 1729 946 non
1763 855 1860 943 satis
1893 853 2135 970 persuadet,

327 1088 336 1092 ,
442 1073 444 1076 ,
755 1010 929 1070 cumex
959 981 1056 1064 loco
1083 979 1306 1066 deductum
1336 1005 1577 1092 cognomen·
1601 979 1691 1062 esse
1726 971 1878 1090 polllt‘.
1912 968 2136 1057 Verifimi-

422 1097 717 1182 <ring-sabaea.
756 1102 866 1188 liora
896 1093 1070 1180 sortalle
1102 1093 1241 1180 afferri
1278 1123 1327 1180 ex
1359 1097 1537 1206 Hygino
1568 1089 1733 1203 possent
1766 1145 1780 1191 ,
1806 1095 1877 1202 qui
1919 1088 1987 1193 (a)
2020 1087 2134 1196 Hip·

749 1236 981 1332 pomenem
1015 1204 1181 1292 Vissori
1203 1213 1308 1321 Joui
1340 1216 1384 1294 in
1425 1201 1622 1296 Parnasso
1663 1202 1917 1294 sacrificasse
1949 1199 2135 1284 scribit.

756 1331 907 1424 Hanc,
938 1322 1183 1424 Atlantem,
1214 1351 1305 1406 cum
1331 1322 1381 1404 in
1393 1322 1583 1430 patriam
1611 1322 1862 1417 reduceret,
1892 1315 2043 1400 oblitas
2067 1314 2134 1396 be·

1374 1457 1522 1547 grates
1545 1435 1585 1521 ei
1607 1463 1687 1522 non
1715 1441 1978 1546 egit.-'lrata
2003 1432 2139 1514 Vene-

757 1472 808 1531 ne
838 1439 898 1524 cio
930 1436 1093 1524 Veneris
1108 1436 1350 1549 sevicie,

756 1585 842 1654 re,
870 1552 914 1634 in
948 1569 1083 1634 monte
1115 1437 1313 1760 satraps
1323 1607 1339 1649 ,
1375 1581 1466 1640 cem
1491 1553 1760 1664 fiacm'ficaret
1794 1551 1900 1663 ‘Jove'
1933 1541 2134 1643 violari,

758 1666 985 1780 eupiditate
1006 1665 1192 1780 incensus
1275 1697 1311 1752 c·
1342 1675 1400 1757 rit
1435 1671 1569 1754 nolim
1606 1675 1727 1755 unius
1761 1663 1955 1777 exemplo
1990 1661 2133 1772 gentis

755 1779 975 1871 universae
1001 1792 1167 1865 morem
1197 1783 1622 1898 consuetudinemque
1644 1783 1847 1870 firmare.
1876 1772 2133 1865 illuderiam

755 1899 962 1994 accedit,
997 1923 1079 2006 quo
1103 1923 1188 1979 non
1218 1903 1379 1985 inritus
1413 1905 1454 1985 in
1491 1905 1746 1990 sententiam
1781 1895 1969 1984 Triste-ui
2003 1886 2134 1974 adde·

753 2043 831 2101 eor
861 2066 875 2112 ,
908 2007 1020 2124 quod
1051 2014 1210 2122 Jovem
1245 2017 1462 2103 Visloriae
1492 2013 1676 2124 figillo,
1709 2011 1759 2096 ab
1789 2015 1841 2096 iis
1875 2014 2009 2096 etiam
2042 2000 2134 2088 effi-

752 2137 861 2215 e‘ium
897 2123 1065 2213 videam
1091 2176 1106 2223 ,
1136 2155 1239 2239 quos
1274 2133 1432 2242 Jovem
1468 2133 1557 2218 alio
1594 2131 1850 2244 cognomine
1884 2119 2135 2231 insignitum

713 2325 714 2328 a
746 2247 921 2330 coluisse
949 2259 1115 2324 certum
1148 2240 1228 2326 eil.
1264 2249 1377 2330 Unus
1410 2243 1612 2357 exemplo
1640 2245 1687 2328 s1t
1720 2238 2134 2352 Olympicus‚quem

689 2365 693 2375 '
751 2361 872 2470 supra
897 2364 1243 2442 commemoravi
1262 2425 1277 2462 ,
1306 2364 1350 2444 in
1371 2365 1537 2472 Europa
1559 2411 1573 2458 2
1600 2380 1724 2474 atque
1742 2356 1866 2450 Alia,
1888 2375 2011 2464 atque
2036 2350 2136 2434 ubi·

753 2500 933 2589 eumque
961 2473 1228 2555 Graecorum
1253 2474 1462 2562 Coloniae
1496 2475 1658 2562 fuerant
1695 2471 1865 2560 illustris
1896 2470 2132 2578 inprimis,

751 2615 802 2672 ac
825 2583 1004 2674 nobilis.
1027 2587 1089 2666 Er
1111 2585 1260 2697 quibus
1289 2589 1392 2676 illud
1409 2619 1492 2677 non
1519 2613 1681 2676 temere
1707 2589 1882 2671 statuere
1911 2579 2018 2665 mihi
2040 2581 2132 2691 pos·

752 2700 792 2791 se
824 2703 978 2789 videor
1013 2701 1279 2795 Trallianos,
1311 2725 1354 2786 ut
1385 2713 1488 2820 Jovi
1527 2701 1597 2790 suo
1629 2708 1865 2790 Visioriam
1892 2694 2140 2796 dederint5

671 2869 673 2874 ,
751 2817 871 2903 illum
900 2837 1041 2900 tamen
1074 2819 1294 2932 Νικηφόρον
1329 2847 1584 2935 nequaquam
1617 2815 1970 2931 cognominasse·
2099 2889 2101 2892 ,

697 2935 699 2940 ’
869 2937 950 3018 ΧΙ.
1014 2933 1101 3030 At,
1130 2929 1157 3012 ss
1188 2937 1311 3044 quis,
1333 2956 1376 3017 ut
1399 2943 1445 3020 in
1472 2965 1516 3022 re
1547 2941 1735 3020 maxime
1758 2928 1931 3018 obseura
1947 2925 2130 3037 ,conje-

750 3045 890 3132 siurac
920 3046 1035 3132 locus
1076 3041 1159 3142 su,
1188 3045 1498 3134 Trallianorum
1537 3053 1737 3162 Jouem‚
1774 3072 1927 3136 eorum·
1952 3039 2126 3142 saltem,

750 3165 821 3272 qui
857 3164 904 3244 in
932 3167 1057 3251 Carla
1097 3158 1214 3246 suere
1244 3215 1259 3258 ‚
1291 3161 1491 3279 Larzffiui
1523 3191 1762 3277 cognomen
1791 3157 1981 3246 habuisse
2013 3153 2127 3238 arbi·
2146 3238 2155 3268 ,Α

750 3291 871 3358 tror.
889 3281 1036 3389 Neque
1053 3273 1101 3357 id
1130 3295 1291 3362 temere
1319 3282 1497 3362 omnino
1512 3331 1523 3356 ·
1540 3283 1650 3366 Cum
1675 3283 1794 3364 enim
1818 3275 1974 3388 Argivi
1995 3267 2127 3354 Taul-

750 3387 855 3473 lium
884 3389 1133 3475 conditores
1157 3392 1317 3500 Jovem
1334 3412 1624 3502 cognomento
1653 3392 1901 3507 larissam
1931 3387 2123 3473 venerati

749 3503 937 3590 malilme
962 3503 1039 3588 filit
1067 3557 1083 3602 2
1114 3507 1150 3589 8(
1184 3501 1309 3612 'Jovsi
1343 3503 1545 3620 larlffiles
1572 3511 1798 3622 Templum
1835 3502 2022 3590 [Missae
2042 3501 2122 3582 Ar.

747 3625 951 3730 givorum
981 3624 1092 3704 arcis
1122 3615 1251 3706 fuisse
1274 3616 1446 3705 testetur
1473 3621 1691 3710 Pausanias
1722 3624 1828 3734 (b):
1857 3618 1904 3702 ie
1935 3636 2120 3701 extrema

746 3761 874 3832 arce,
905 3734 974 3820 aei
1000 3731 1158 3848 larisa
1182 3757 1326 3816 nomen
1350 3785 1364 3832 ,
1392 3735 1510 3818 aedes
1544 3733 1740 3850 estJoais
1760 3749 2019 3846 cognomento
2041 3735 2124 3816 La·

733 3845 885 3962 'rtffaei
915 3875 931 3935 s
959 3849 1064 3964 quid
1094 3845 1172 3934 elle
1214 3873 1395 3959 unquam
1436 3855 1573 3959 potest
1607 3851 1783 3939 similius
1817 3877 1921 3936 vero
1948 3899 1964 3947 2
1996 3875 2121 3960 quam

743 3969 936 4074 Argivos
973 3966 1098 4074 Jovis
1132 3962 1248 4071 huius
1284 3960 1480 4074 sariffaei
1508 3966 1670 4054 cultum
1700 3973 1833 4080 Argis
1870 3961 2010 4049 secum
2041 3967 2122 4061 in..¹

744 4083 918 4163 Cariam
944 4071 1138 4164 detulisse
1166 4081 1203 4162 &
1235 4073 1459 4163 Trallibus
1483 4077 1701 4168 statuisse?
1731 4079 2022 4190 Metropoleau
2041 4105 2118 4161 nu-

743 4195 861 4278 mina
890 4197 938 4276 in
969 4189 1169 4278 Colonias
1201 4189 1321 4302 saepe.
1365 4191 1592 4281 transvesm
1621 4261 1637 4300 ‚
1666 4225 1763 4282 cum
1797 4211 1976 4283 veteres
1998 4196 2119 4278 Scri·

739 4324 885 4421 ptores
917 4303 1125 4400 tradunt,
1151 4323 1241 4392 tum
1262 4305 1589 4394 luculentissimo
1616 4339 1843 4396 numorum
1869 4308 2119 4396 testimonio

738 4419 943 4508 discimus
978 4476 989 4498 ·
1031 4426 1124 4506 Nec
1152 4420 1245 4508 leve
1283 4419 1494 4507 indicium
1526 4477 1541 4526 2
1574 4455 1658 4539 quo
1695 4419 1945 4541 populorum
1982 4427 2120 4536 origi-

738 4563 810 4624 nes
842 4535 979 4622 discas
1001 4539 1079 4620 Dii
1112 4537 1229 4648 saepe
1261 4536 1381 4636 sunt,
1412 4565 1520 4650 quos
1550 4539 1683 4627 iidem
1712 4559 1998 4627 venerantur·
2024 4541 2118 4624 Ple·

408 4665 450 4735 <o
470 4664 630 4733 vvaester.
646 4671 703 4729 nr*
737 4653 862 4765 ripue—
888 4651 1034 4735 Cosani
1048 4700 1062 4746 ,
1099 4656 1236 4764 inquit
1264 4650 1521 4738 Wachterns
1553 4657 1648 4766 (c),
1678 4651 1868 4770 quamuis
1895 4671 2117 4739 extrana-

408 4739 697 4822 <hol-Numam.
735 4769 826 4850 tale
834 4767 976 4882 solum
1003 4761 1199 4865 dedussi,
1223 4765 1424 4876 solebant
1452 4783 1593 4852 tamen
1622 4769 1876 4856 conditorum
1896 4768 2114 4882 sasernae-0

734 4877 925 4990 instituta
945 4878 1108 4994 sequi,
1138 4907 1356 4992 eorumque
1371 4879 1487 4990 ficut
1512 4881 1731 4992 linguam,
1761 4883 1824 4967 ita
1843 4883 1967 4968 etiam
2000 4884 2110 4968 ritus

733 4991 787 5088 ἂ
804 4995 935 5110 sacra
949 4996 1102 5111 secum
1131 4999 1372 5106 transferre
1401 5023 1417 5080 ε
1446 5014 1737 5115 noasnuuquana
1773 4999 1899 5086 etiam
1934 4985 2106 5096 narsen,

1976 5106 2122 5206 &ita
2216 5167 2220 5174 -
