<?xml version="1.0" encoding="UTF-8"?>
<!DOCTYPE html PUBLIC "-//W3C//DTD XHTML 1.0 Transitional//EN"
    "http://www.w3.org/TR/xhtml1/DTD/xhtml1-transitional.dtd">
<html xmlns="http://www.w3.org/1999/xhtml" xml:lang="en" lang="en">
 <head>
  <title>
</title>
<meta http-equiv="Content-Type" content="text/html;charset=utf-8" />
  <meta name='ocr-system' content='tesseract 3.04.00' />
  <meta name='ocr-capabilities' content='ocr_page ocr_carea ocr_par ocr_line ocrx_word'/>
</head>
<body>
  <div class='ocr_page' id='page_1' title='image "./gasparisaloysii01jacqgoog_0315.png"; bbox 0 0 4552 6504; ppageno 0'>
   <div class='ocr_carea' id='block_1_1' title="bbox 404 577 1603 737">
    <p class='ocr_par' dir='ltr' id='par_1_1' title="bbox 404 577 1603 737">
     <span class='ocr_line' id='line_1_1' title="bbox 404 577 1603 737; baseline 0.008 -31"><span class='ocrx_word' id='word_1_1' title='bbox 404 586 705 712; x_wconf 75' lang='lat' dir='ltr'>vuuuxu&#39;u</span> <span class='ocrx_word' id='word_1_2' title='bbox 732 609 1269 709; x_wconf 80' lang='lat' dir='ltr'>tusca-rrurouuu.</span> <span class='ocrx_word' id='word_1_3' title='bbox 1410 625 1536 737; x_wconf 87' lang='lat'>279</span> <span class='ocrx_word' id='word_1_4' title='bbox 1599 577 1603 583; x_wconf 66' lang='grc'>’</span> 
     </span>
    </p>
   </div>
   <div class='ocr_carea' id='block_1_2' title="bbox 41 742 1693 864">
    <p class='ocr_par' dir='ltr' id='par_1_2' title="bbox 41 742 1693 864">
     <span class='ocr_line' id='line_1_2' title="bbox 41 742 1693 864; baseline 0.006 -35"><span class='ocrx_word' id='word_1_5' title='bbox 41 759 45 768; x_wconf 84' lang='grc'><strong>’</strong></span> <span class='ocrx_word' id='word_1_6' title='bbox 173 742 383 848; x_wconf 79' lang='lat' dir='ltr'>statuent,</span> <span class='ocrx_word' id='word_1_7' title='bbox 413 757 486 864; x_wconf 93' lang='lat' dir='ltr'>qui</span> <span class='ocrx_word' id='word_1_8' title='bbox 531 749 1045 836; x_wconf 83' lang='lat' dir='ltr'>veteramonumentaad</span> <span class='ocrx_word' id='word_1_9' title='bbox 1076 749 1428 838; x_wconf 80' lang='lat' dir='ltr'>Abbatiam&#39;hanc</span> <span class='ocrx_word' id='word_1_10' title='bbox 1459 751 1546 864; x_wconf 89' lang='lat' dir='ltr'>spe·</span> <span class='ocrx_word' id='word_1_11' title='bbox 1687 779 1693 790; x_wconf 89' lang='lat'><strong>·</strong></span> 
     </span>
    </p>
   </div>
   <div class='ocr_carea' id='block_1_3' title="bbox 169 861 1890 3035">
    <p class='ocr_par' dir='ltr' id='par_1_3' title="bbox 172 861 1546 1090">
     <span class='ocr_line' id='line_1_3' title="bbox 172 861 1546 981; baseline 0.005 -37"><span class='ocrx_word' id='word_1_12' title='bbox 172 861 400 964; x_wconf 80' lang='lat' dir='ltr'>uanria,s1</span> <span class='ocrx_word' id='word_1_13' title='bbox 430 892 531 976; x_wconf 86' lang='lat' dir='ltr'>quae</span> <span class='ocrx_word' id='word_1_14' title='bbox 560 883 700 952; x_wconf 86' lang='lat' dir='ltr'>tamen</span> <span class='ocrx_word' id='word_1_15' title='bbox 734 861 1049 958; x_wconf 86' lang='lat' dir='ltr'>sunt‚nancisci</span> <span class='ocrx_word' id='word_1_16' title='bbox 1071 869 1309 977; x_wconf 80' lang='lat' dir='ltr'>poterunt,</span> <span class='ocrx_word' id='word_1_17' title='bbox 1333 861 1446 981; x_wconf 91' lang='lat' dir='ltr'>quod</span> <span class='ocrx_word' id='word_1_18' title='bbox 1472 894 1546 952; x_wconf 83' lang='lat' dir='ltr'>uo·</span> 
     </span>
     <span class='ocr_line' id='line_1_4' title="bbox 173 973 1290 1090; baseline -0.006 -26"><span class='ocrx_word' id='word_1_19' title='bbox 173 973 241 1064; x_wconf 88' lang='lat' dir='ltr'>bis</span> <span class='ocrx_word' id='word_1_20' title='bbox 268 1003 352 1062; x_wconf 89' lang='lat' dir='ltr'>non</span> <span class='ocrx_word' id='word_1_21' title='bbox 386 982 600 1090; x_wconf 88' lang='lat' dir='ltr'>contigit·</span> <span class='ocrx_word' id='word_1_22' title='bbox 1285 1075 1290 1085; x_wconf 37' lang='lat'>‚</span> 
     </span>
    </p>

    <p class='ocr_par' dir='ltr' id='par_1_4' title="bbox 169 1083 1890 3035">
     <span class='ocr_line' id='line_1_5' title="bbox 315 1083 1545 1202; baseline 0.001 -25"><span class='ocrx_word' id='word_1_23' title='bbox 315 1095 441 1177; x_wconf 89' lang='lat' dir='ltr'>Circa</span> <span class='ocrx_word' id='word_1_24' title='bbox 482 1119 631 1178; x_wconf 87' lang='lat' dir='ltr'>annum</span> <span class='ocrx_word' id='word_1_25' title='bbox 660 1115 758 1192; x_wconf 88' lang='lat'>770·</span> <span class='ocrx_word' id='word_1_26' title='bbox 796 1089 1100 1178; x_wconf 84' lang='lat' dir='ltr'>Monallerium</span> <span class='ocrx_word' id='word_1_27' title='bbox 1137 1097 1178 1180; x_wconf 89' lang='lat' dir='ltr'>S.</span> <span class='ocrx_word' id='word_1_28' title='bbox 1218 1083 1347 1184; x_wconf 72' lang='lat' dir='ltr'>S‘abae</span> <span class='ocrx_word' id='word_1_29' title='bbox 1385 1093 1545 1202; x_wconf 74' lang='lat' dir='ltr'>Graeci</span> 
     </span>
     <span class='ocr_line' id='line_1_6' title="bbox 174 1209 1544 1328; baseline -0.001 -34"><span class='ocrx_word' id='word_1_30' title='bbox 174 1211 350 1294; x_wconf 86' lang='lat' dir='ltr'>Monaci</span> <span class='ocrx_word' id='word_1_31' title='bbox 389 1223 648 1328; x_wconf 42' lang='lat' dir='ltr'>occupu&#39;runt</span> <span class='ocrx_word' id='word_1_32' title='bbox 691 1262 702 1285; x_wconf 91' lang='lat'><strong>.</strong></span> <span class='ocrx_word' id='word_1_33' title='bbox 747 1209 835 1288; x_wconf 88' lang='lat' dir='ltr'>Hos</span> <span class='ocrx_word' id='word_1_34' title='bbox 873 1209 1137 1292; x_wconf 74' lang='lat' dir='ltr'>exoriente</span> <span class='ocrx_word' id='word_1_35' title='bbox 1185 1209 1544 1295; x_wconf 87' lang='lat' dir='ltr'>lconoclastarum</span> 
     </span>
     <span class='ocr_line' id='line_1_7' title="bbox 175 1321 1545 1435; baseline 0.001 -29"><span class='ocrx_word' id='word_1_36' title='bbox 175 1324 321 1428; x_wconf 85' lang='lat' dir='ltr'>surore</span> <span class='ocrx_word' id='word_1_37' title='bbox 349 1321 553 1422; x_wconf 84' lang='lat' dir='ltr'>excedere</span> <span class='ocrx_word' id='word_1_38' title='bbox 586 1325 752 1405; x_wconf 79' lang='lat' dir='ltr'>coaetos</span> <span class='ocrx_word' id='word_1_39' title='bbox 779 1323 914 1404; x_wconf 84' lang='lat' dir='ltr'>Roma</span> <span class='ocrx_word' id='word_1_40' title='bbox 944 1339 1202 1432; x_wconf 83' lang='lat' dir='ltr'>exceperat,</span> <span class='ocrx_word' id='word_1_41' title='bbox 1230 1322 1369 1435; x_wconf 89' lang='lat' dir='ltr'>eisque</span> <span class='ocrx_word' id='word_1_42' title='bbox 1395 1323 1545 1409; x_wconf 86' lang='lat' dir='ltr'>Eccle-</span> 
     </span>
     <span class='ocr_line' id='line_1_8' title="bbox 174 1430 1671 1547; baseline -0.002 -23"><span class='ocrx_word' id='word_1_43' title='bbox 174 1436 275 1537; x_wconf 84' lang='lat' dir='ltr'>fias,</span> <span class='ocrx_word' id='word_1_44' title='bbox 309 1435 457 1547; x_wconf 89' lang='lat' dir='ltr'>quibus</span> <span class='ocrx_word' id='word_1_45' title='bbox 488 1439 573 1519; x_wconf 92' lang='lat' dir='ltr'>ritu</span> <span class='ocrx_word' id='word_1_46' title='bbox 602 1430 672 1518; x_wconf 92' lang='lat' dir='ltr'>suo</span> <span class='ocrx_word' id='word_1_47' title='bbox 702 1433 775 1540; x_wconf 81' lang='lat' dir='ltr'>(a)</span> <span class='ocrx_word' id='word_1_48' title='bbox 806 1431 1101 1527; x_wconf 80' lang='lat' dir='ltr'>inservirent,</span> <span class='ocrx_word' id='word_1_49' title='bbox 1128 1439 1164 1522; x_wconf 78' lang='lat' dir='ltr'>a</span> <span class='ocrx_word' id='word_1_50' title='bbox 1195 1435 1452 1544; x_wconf 84' lang='lat' dir='ltr'>Monasteria</span> <span class='ocrx_word' id='word_1_51' title='bbox 1471 1437 1546 1522; x_wconf 90' lang='lat' dir='ltr'>ubi</span> <span class='ocrx_word' id='word_1_52' title='bbox 1668 1431 1671 1438; x_wconf 49' lang='lat'><strong>⁴</strong></span> 
     </span>
     <span class='ocr_line' id='line_1_9' title="bbox 176 1547 1543 1664; baseline -0.003 -28"><span class='ocrx_word' id='word_1_53' title='bbox 176 1551 381 1664; x_wconf 84' lang='lat' dir='ltr'>degerent</span> <span class='ocrx_word' id='word_1_54' title='bbox 421 1549 706 1650; x_wconf 81' lang='lat' dir='ltr'>attribuerat,</span> <span class='ocrx_word' id='word_1_55' title='bbox 735 1575 917 1662; x_wconf 89' lang='lat' dir='ltr'>quorum</span> <span class='ocrx_word' id='word_1_56' title='bbox 947 1577 970 1631; x_wconf 89' lang='lat' dir='ltr'>e</span> <span class='ocrx_word' id='word_1_57' title='bbox 1001 1575 1178 1635; x_wconf 89' lang='lat' dir='ltr'>numero</span> <span class='ocrx_word' id='word_1_58' title='bbox 1201 1547 1543 1648; x_wconf 62' lang='lat' dir='ltr'>&#39;nonasterium</span> 
     </span>
     <span class='ocr_line' id='line_1_10' title="bbox 177 1657 1545 1770; baseline -0.003 -20"><span class='ocrx_word' id='word_1_59' title='bbox 177 1669 215 1750; x_wconf 75' lang='grc' dir='ltr'>ἃ</span> <span class='ocrx_word' id='word_1_60' title='bbox 246 1661 427 1752; x_wconf 76' lang='lat' dir='ltr'>Ecclesia</span> <span class='ocrx_word' id='word_1_61' title='bbox 459 1669 500 1748; x_wconf 85' lang='lat' dir='ltr'>S.</span> <span class='ocrx_word' id='word_1_62' title='bbox 515 1663 645 1750; x_wconf 85' lang='lat' dir='ltr'>Sabae</span> <span class='ocrx_word' id='word_1_63' title='bbox 673 1720 684 1744; x_wconf 82' lang='lat'><strong>·</strong></span> <span class='ocrx_word' id='word_1_64' title='bbox 716 1667 875 1747; x_wconf 90' lang='lat' dir='ltr'>Graeci</span> <span class='ocrx_word' id='word_1_65' title='bbox 912 1661 1025 1770; x_wconf 88' lang='lat' dir='ltr'>hujus</span> <span class='ocrx_word' id='word_1_66' title='bbox 1056 1665 1237 1752; x_wconf 85' lang='lat' dir='ltr'>Abbates</span> <span class='ocrx_word' id='word_1_67' title='bbox 1265 1691 1349 1750; x_wconf 90' lang='lat' dir='ltr'>non</span> <span class='ocrx_word' id='word_1_68' title='bbox 1379 1657 1545 1750; x_wconf 81' lang='lat' dir='ltr'>¹ultimo</span> 
     </span>
     <span class='ocr_line' id='line_1_11' title="bbox 169 1774 1546 1893; baseline -0.003 -27"><span class='ocrx_word' id='word_1_69' title='bbox 169 1778 273 1874; x_wconf 72' lang='lat' dir='ltr'>,sane</span> <span class='ocrx_word' id='word_1_70' title='bbox 299 1781 397 1864; x_wconf 92' lang='lat' dir='ltr'>loco</span> <span class='ocrx_word' id='word_1_71' title='bbox 426 1781 469 1862; x_wconf 90' lang='lat' dir='ltr'>in</span> <span class='ocrx_word' id='word_1_72' title='bbox 486 1781 672 1864; x_wconf 88' lang='lat' dir='ltr'>Romana</span> <span class='ocrx_word' id='word_1_73' title='bbox 702 1774 917 1873; x_wconf 78' lang='lat' dir='ltr'>Ecclesia,</span> <span class='ocrx_word' id='word_1_74' title='bbox 949 1778 1219 1892; x_wconf 82' lang='lat' dir='ltr'>plurimisque</span> <span class='ocrx_word' id='word_1_75' title='bbox 1240 1807 1319 1893; x_wconf 91' lang='lat' dir='ltr'>pro</span> <span class='ocrx_word' id='word_1_76' title='bbox 1345 1807 1392 1865; x_wconf 91' lang='lat' dir='ltr'>ea</span> <span class='ocrx_word' id='word_1_77' title='bbox 1416 1775 1546 1864; x_wconf 86' lang='lat' dir='ltr'>susce-</span> 
     </span>
     <span class='ocr_line' id='line_1_12' title="bbox 178 1889 1548 2008; baseline 0.001 -30"><span class='ocrx_word' id='word_1_78' title='bbox 178 1900 265 2008; x_wconf 86' lang='lat' dir='ltr'>ptis</span> <span class='ocrx_word' id='word_1_79' title='bbox 300 1893 578 2004; x_wconf 79' lang='lat' dir='ltr'>legationibus</span> <span class='ocrx_word' id='word_1_80' title='bbox 607 1889 808 1978; x_wconf 85' lang='lat' dir='ltr'>illustres·</span> <span class='ocrx_word' id='word_1_81' title='bbox 843 1889 1024 1974; x_wconf 88' lang='lat' dir='ltr'>Pardum</span> <span class='ocrx_word' id='word_1_82' title='bbox 1058 1956 1071 1992; x_wconf 90' lang='lat'>‚</span> <span class='ocrx_word' id='word_1_83' title='bbox 1101 1890 1548 2008; x_wconf 66' lang='lat' dir='ltr'>quem-Religiasauu</span> 
     </span>
     <span class='ocr_line' id='line_1_13' title="bbox 179 2003 1548 2117; baseline -0.003 -24"><span class='ocrx_word' id='word_1_84' title='bbox 179 2012 465 2117; x_wconf 83' lang='lat' dir='ltr'>Hrgamenam</span> <span class='ocrx_word' id='word_1_85' title='bbox 499 2006 757 2115; x_wconf 56' lang='lat' dir='ltr'>Praesidium</span> <span class='ocrx_word' id='word_1_86' title='bbox 789 2003 1035 2115; x_wconf 86' lang='lat' dir='ltr'>Manasterio</span> <span class='ocrx_word' id='word_1_87' title='bbox 1061 2009 1105 2087; x_wconf 84' lang='lat' dir='ltr'>S.</span> <span class='ocrx_word' id='word_1_88' title='bbox 1127 2007 1262 2092; x_wconf 81' lang='lat' dir='ltr'>Sabae</span> <span class='ocrx_word' id='word_1_89' title='bbox 1294 2031 1418 2094; x_wconf 87' lang='lat' dir='ltr'>vocat</span> <span class='ocrx_word' id='word_1_90' title='bbox 1439 2012 1548 2091; x_wconf 86' lang='lat' dir='ltr'>Ana·</span> 
     </span>
     <span class='ocr_line' id='line_1_14' title="bbox 180 2118 1889 2240; baseline -0.001 -32"><span class='ocrx_word' id='word_1_91' title='bbox 180 2123 316 2208; x_wconf 87' lang='lat' dir='ltr'>stalius</span> <span class='ocrx_word' id='word_1_92' title='bbox 349 2121 472 2228; x_wconf 58' lang='lat' dir='ltr'>(a)-†</span> <span class='ocrx_word' id='word_1_93' title='bbox 484 2118 648 2236; x_wconf 84' lang='lat' dir='ltr'>duplici</span> <span class='ocrx_word' id='word_1_94' title='bbox 677 2151 755 2233; x_wconf 91' lang='lat' dir='ltr'>pro</span> <span class='ocrx_word' id='word_1_95' title='bbox 793 2119 1006 2206; x_wconf 85' lang='lat' dir='ltr'>Hadriano</span> <span class='ocrx_word' id='word_1_96' title='bbox 1038 2125 1184 2208; x_wconf 88' lang='lat' dir='ltr'>Primo</span> <span class='ocrx_word' id='word_1_97' title='bbox 1214 2126 1302 2240; x_wconf 86' lang='lat'>(2)</span> <span class='ocrx_word' id='word_1_98' title='bbox 1334 2126 1548 2236; x_wconf 85' lang='lat' dir='ltr'>legatione</span> <span class='ocrx_word' id='word_1_99' title='bbox 1589 2153 1889 2236; x_wconf 48' lang='lat' dir='ltr'>(unumunurn.</span> 
     </span>
     <span class='ocr_line' id='line_1_15' title="bbox 180 2235 1785 2351; baseline -0.001 -30"><span class='ocrx_word' id='word_1_100' title='bbox 180 2237 363 2322; x_wconf 78' lang='lat' dir='ltr'>fontium</span> <span class='ocrx_word' id='word_1_101' title='bbox 404 2237 500 2348; x_wconf 89' lang='lat' dir='ltr'>lego</span> <span class='ocrx_word' id='word_1_102' title='bbox 530 2235 617 2346; x_wconf 82' lang='lat' dir='ltr'>(b)</span> <span class='ocrx_word' id='word_1_103' title='bbox 643 2289 658 2334; x_wconf 75' lang='lat' dir='ltr'>a</span> <span class='ocrx_word' id='word_1_104' title='bbox 689 2239 821 2322; x_wconf 85' lang='lat' dir='ltr'>altera</span> <span class='ocrx_word' id='word_1_105' title='bbox 847 2263 955 2320; x_wconf 90' lang='lat' dir='ltr'>anno</span> <span class='ocrx_word' id='word_1_106' title='bbox 990 2261 1087 2338; x_wconf 88' lang='lat'>770·</span> <span class='ocrx_word' id='word_1_107' title='bbox 1117 2265 1196 2351; x_wconf 87' lang='lat' dir='ltr'>qua</span> <span class='ocrx_word' id='word_1_108' title='bbox 1221 2239 1279 2324; x_wconf 81' lang='lat' dir='ltr'>eli</span> <span class='ocrx_word' id='word_1_109' title='bbox 1302 2240 1355 2324; x_wconf 88' lang='lat' dir='ltr'>ad</span> <span class='ocrx_word' id='word_1_110' title='bbox 1377 2235 1550 2324; x_wconf 87' lang='lat' dir='ltr'>Desrde-</span> <span class='ocrx_word' id='word_1_111' title='bbox 1589 2239 1726 2312; x_wconf 56' lang='lat' dir='ltr'>sebui·</span> <span class='ocrx_word' id='word_1_112' title='bbox 1778 2321 1785 2336; x_wconf 70' lang='grc'><strong>,</strong></span> 
     </span>
     <span class='ocr_line' id='line_1_16' title="bbox 184 2319 1890 2466; baseline -0.001 -28"><span class='ocrx_word' id='word_1_113' title='bbox 184 2357 297 2438; x_wconf 83' lang='lat' dir='ltr'>rium</span> <span class='ocrx_word' id='word_1_114' title='bbox 336 2349 711 2460; x_wconf 85' lang='lat' dir='ltr'>Langobardorum</span> <span class='ocrx_word' id='word_1_115' title='bbox 744 2355 906 2462; x_wconf 87' lang='lat' dir='ltr'>Regem</span> <span class='ocrx_word' id='word_1_116' title='bbox 937 2349 989 2436; x_wconf 87' lang='lat' dir='ltr'>de</span> <span class='ocrx_word' id='word_1_117' title='bbox 1019 2353 1284 2440; x_wconf 81' lang='lat' dir='ltr'>Civitatibus</span> <span class='ocrx_word' id='word_1_118' title='bbox 1309 2379 1552 2466; x_wconf 82' lang='lat' dir='ltr'>recuperari·</span> <span class='ocrx_word' id='word_1_119' title='bbox 1590 2319 1890 2460; x_wconf 44' lang='grc' dir='ltr'>(λζζὺξῖᾞῗθῇῗῖἕ</span> 
     </span>
     <span class='ocr_line' id='line_1_17' title="bbox 186 2464 1890 2583; baseline 0.003 -33"><span class='ocrx_word' id='word_1_120' title='bbox 186 2464 258 2552; x_wconf 88' lang='lat' dir='ltr'>dis</span> <span class='ocrx_word' id='word_1_121' title='bbox 296 2465 445 2550; x_wconf 90' lang='lat' dir='ltr'>missus</span> <span class='ocrx_word' id='word_1_122' title='bbox 476 2473 671 2574; x_wconf 79' lang='lat' dir='ltr'>Orator3</span> <span class='ocrx_word' id='word_1_123' title='bbox 697 2467 825 2551; x_wconf 89' lang='lat' dir='ltr'>altera</span> <span class='ocrx_word' id='word_1_124' title='bbox 849 2493 955 2549; x_wconf 86' lang='lat' dir='ltr'>anno</span> <span class='ocrx_word' id='word_1_125' title='bbox 985 2494 1113 2570; x_wconf 86' lang='lat'><em>775·,</em></span> <span class='ocrx_word' id='word_1_126' title='bbox 1143 2469 1208 2556; x_wconf 87' lang='lat' dir='ltr'>vel</span> <span class='ocrx_word' id='word_1_127' title='bbox 1233 2465 1448 2583; x_wconf 81' lang='lat' dir='ltr'>sequenti,</span> <span class='ocrx_word' id='word_1_128' title='bbox 1468 2493 1552 2580; x_wconf 88' lang='lat' dir='ltr'>quo</span> <span class='ocrx_word' id='word_1_129' title='bbox 1595 2474 1890 2557; x_wconf 64' lang='lat' dir='ltr'>nonaliadol·</span> 
     </span>
     <span class='ocr_line' id='line_1_18' title="bbox 185 2573 1693 2690; baseline 0.001 -24"><span class='ocrx_word' id='word_1_130' title='bbox 185 2579 385 2666; x_wconf 89' lang='lat' dir='ltr'>Carolum</span> <span class='ocrx_word' id='word_1_131' title='bbox 419 2584 479 2663; x_wconf 87' lang='lat' dir='ltr'>M·</span> <span class='ocrx_word' id='word_1_132' title='bbox 514 2585 771 2664; x_wconf 83' lang='lat' dir='ltr'>Francorum</span> <span class='ocrx_word' id='word_1_133' title='bbox 802 2583 965 2690; x_wconf 85' lang='lat' dir='ltr'>Regem</span> <span class='ocrx_word' id='word_1_134' title='bbox 1002 2604 1153 2666; x_wconf 88' lang='lat' dir='ltr'>contra</span> <span class='ocrx_word' id='word_1_135' title='bbox 1185 2589 1368 2670; x_wconf 78' lang='lat' dir='ltr'>Saxones</span> <span class='ocrx_word' id='word_1_136' title='bbox 1405 2585 1556 2670; x_wconf 81' lang='lat' dir='ltr'>bellan·</span> <span class='ocrx_word' id='word_1_137' title='bbox 1594 2573 1693 2642; x_wconf 53' lang='lat' dir='ltr'>‘Mb</span> 
     </span>
     <span class='ocr_line' id='line_1_19' title="bbox 185 2682 1737 2808; baseline 0.003 -27"><span class='ocrx_word' id='word_1_138' title='bbox 185 2715 277 2781; x_wconf 87' lang='lat' dir='ltr'>tem</span> <span class='ocrx_word' id='word_1_139' title='bbox 306 2693 416 2779; x_wconf 89' lang='lat' dir='ltr'>adiit</span> <span class='ocrx_word' id='word_1_140' title='bbox 447 2747 458 2769; x_wconf 82' lang='lat'><strong>·</strong></span> <span class='ocrx_word' id='word_1_141' title='bbox 489 2697 638 2780; x_wconf 85' lang='lat' dir='ltr'>Paucis</span> <span class='ocrx_word' id='word_1_142' title='bbox 676 2695 767 2808; x_wconf 88' lang='lat' dir='ltr'>poll</span> <span class='ocrx_word' id='word_1_143' title='bbox 794 2700 912 2779; x_wconf 84' lang='lat' dir='ltr'>annis</span> <span class='ocrx_word' id='word_1_144' title='bbox 944 2700 1099 2801; x_wconf 84' lang='lat'><em>(787)</em></span> <span class='ocrx_word' id='word_1_145' title='bbox 1129 2695 1313 2805; x_wconf 88' lang='lat' dir='ltr'>ejusdem</span> <span class='ocrx_word' id='word_1_146' title='bbox 1344 2696 1561 2784; x_wconf 82' lang='lat' dir='ltr'>Hadriani·</span> <span class='ocrx_word' id='word_1_147' title='bbox 1731 2682 1737 2693; x_wconf 60' lang='lat'><em>„</em></span> 
     </span>
     <span class='ocr_line' id='line_1_20' title="bbox 184 2807 1558 2920; baseline 0.001 -24"><span class='ocrx_word' id='word_1_148' title='bbox 184 2813 362 2896; x_wconf 86' lang='lat' dir='ltr'>nomine</span> <span class='ocrx_word' id='word_1_149' title='bbox 407 2814 623 2895; x_wconf 89' lang='lat' dir='ltr'>Nicaenae</span> <span class='ocrx_word' id='word_1_150' title='bbox 664 2814 724 2894; x_wconf 85' lang='lat' dir='ltr'>ll·</span> <span class='ocrx_word' id='word_1_151' title='bbox 755 2807 931 2920; x_wconf 75' lang='lat' dir='ltr'>synodo</span> <span class='ocrx_word' id='word_1_152' title='bbox 961 2835 1164 2894; x_wconf 83' lang='lat' dir='ltr'>unacum</span> <span class='ocrx_word' id='word_1_153' title='bbox 1201 2816 1333 2899; x_wconf 92' lang='lat' dir='ltr'>Petro</span> <span class='ocrx_word' id='word_1_154' title='bbox 1365 2818 1410 2898; x_wconf 86' lang='lat' dir='ltr'>S.</span> <span class='ocrx_word' id='word_1_155' title='bbox 1437 2817 1558 2898; x_wconf 86' lang='lat' dir='ltr'>Petri</span> 
     </span>
     <span class='ocr_line' id='line_1_21' title="bbox 185 2920 1562 3035; baseline 0.007 -25"><span class='ocrx_word' id='word_1_156' title='bbox 185 2923 578 3035; x_wconf 84' lang='lat' dir='ltr'>Archipresbytero</span> <span class='ocrx_word' id='word_1_157' title='bbox 618 2921 810 3009; x_wconf 88' lang='lat' dir='ltr'>interfuit</span> <span class='ocrx_word' id='word_1_158' title='bbox 840 2951 889 3008; x_wconf 90' lang='lat' dir='ltr'>ac</span> <span class='ocrx_word' id='word_1_159' title='bbox 922 2920 1105 3035; x_wconf 82' lang='lat' dir='ltr'>praefuit</span> <span class='ocrx_word' id='word_1_160' title='bbox 1139 2930 1290 3014; x_wconf 87' lang='lat' dir='ltr'>Petrus</span> <span class='ocrx_word' id='word_1_161' title='bbox 1314 2932 1355 3012; x_wconf 86' lang='lat' dir='ltr'>S·</span> <span class='ocrx_word' id='word_1_162' title='bbox 1376 2923 1562 3020; x_wconf 61' lang='lat' dir='ltr'>Sabat)</span> 
     </span>
    </p>
   </div>
   <div class='ocr_carea' id='block_1_4' title="bbox 187 3033 1883 4330">
    <p class='ocr_par' dir='ltr' id='par_1_5' title="bbox 190 3033 1882 3155">
     <span class='ocr_line' id='line_1_22' title="bbox 190 3033 1882 3155; baseline -0.009 -28"><span class='ocrx_word' id='word_1_163' title='bbox 190 3033 330 3127; x_wconf 77' lang='lat' dir='ltr'>Abbas</span> <span class='ocrx_word' id='word_1_164' title='bbox 349 3034 414 3151; x_wconf 82' lang='lat' dir='ltr'>(c)</span> <span class='ocrx_word' id='word_1_165' title='bbox 434 3043 687 3155; x_wconf 78' lang='lat' dir='ltr'>,Gregorio</span> <span class='ocrx_word' id='word_1_166' title='bbox 712 3039 811 3127; x_wconf 82' lang='lat' dir='ltr'><strong>VII·</strong></span> <span class='ocrx_word' id='word_1_167' title='bbox 837 3043 952 3154; x_wconf 81' lang='lat' dir='ltr'>Papa</span> <span class='ocrx_word' id='word_1_168' title='bbox 973 3065 1081 3126; x_wconf 81' lang='lat' dir='ltr'>anno</span> <span class='ocrx_word' id='word_1_169' title='bbox 1107 3063 1185 3150; x_wconf 80' lang='lat'>107</span> <span class='ocrx_word' id='word_1_170' title='bbox 1188 3071 1229 3148; x_wconf 84' lang='lat'>5·</span> <span class='ocrx_word' id='word_1_171' title='bbox 1247 3047 1416 3131; x_wconf 82' lang='lat' dir='ltr'>Maurus</span> <span class='ocrx_word' id='word_1_172' title='bbox 1435 3046 1563 3130; x_wconf 54' lang='grc'>564-</span> <span class='ocrx_word' id='word_1_173' title='bbox 1603 3067 1645 3147; x_wconf 80' lang='lat' dir='ltr'>(a)</span> <span class='ocrx_word' id='word_1_174' title='bbox 1658 3065 1882 3129; x_wconf 61' lang='lat' dir='ltr'>3210„‚1‚0,M2.</span> 
     </span>
    </p>

    <p class='ocr_par' dir='ltr' id='par_1_6' title="bbox 187 3148 1883 4330">
     <span class='ocr_line' id='line_1_23' title="bbox 1077 3148 1883 3246; baseline -0.01 -31"><span class='ocrx_word' id='word_1_175' title='bbox 1077 3213 1081 3226; x_wconf 74' lang='grc'>,</span> <span class='ocrx_word' id='word_1_176' title='bbox 1411 3161 1422 3178; x_wconf 78' lang='lat'><em>⁰</em></span> <span class='ocrx_word' id='word_1_177' title='bbox 1488 3158 1565 3246; x_wconf 61' lang='lat' dir='ltr'>bae</span> <span class='ocrx_word' id='word_1_178' title='bbox 1604 3148 1697 3220; x_wconf 56' lang='lat' dir='ltr'>afflue·</span> <span class='ocrx_word' id='word_1_179' title='bbox 1709 3152 1808 3232; x_wconf 61' lang='lat'>902390</span> <span class='ocrx_word' id='word_1_180' title='bbox 1881 3189 1883 3196; x_wconf 53' lang='lat' dir='ltr'>v</span> 
     </span>
     <span class='ocr_line' id='line_1_24' title="bbox 210 3340 1568 3386; baseline -0.004 -5"><span class='ocrx_word' id='word_1_181' title='bbox 210 3340 1568 3386; x_wconf 49' lang='lat' dir='ltr'>*ur-W*</span> 
     </span>
     <span class='ocr_line' id='line_1_25' title="bbox 288 3438 1568 3546; baseline -0.008 -24"><span class='ocrx_word' id='word_1_182' title='bbox 288 3447 356 3546; x_wconf 78' lang='grc' dir='ltr'>(ι)</span> <span class='ocrx_word' id='word_1_183' title='bbox 407 3445 637 3520; x_wconf 84' lang='lat' dir='ltr'>&#39;selluturhoc</span> <span class='ocrx_word' id='word_1_184' title='bbox 666 3446 740 3518; x_wconf 83' lang='lat' dir='ltr'>Leo</span> <span class='ocrx_word' id='word_1_185' title='bbox 766 3445 828 3519; x_wconf 87' lang='lat' dir='ltr'>lx.</span> <span class='ocrx_word' id='word_1_186' title='bbox 853 3471 907 3540; x_wconf 86' lang='lat' dir='ltr'>ep.</span> <span class='ocrx_word' id='word_1_187' title='bbox 929 3465 960 3516; x_wconf 85' lang='lat' dir='ltr'>r.</span> <span class='ocrx_word' id='word_1_188' title='bbox 996 3464 1163 3538; x_wconf 76' lang='lat' dir='ltr'>numan.</span> <span class='ocrx_word' id='word_1_189' title='bbox 1200 3443 1241 3516; x_wconf 88' lang='lat' dir='ltr'>ad</span> <span class='ocrx_word' id='word_1_190' title='bbox 1264 3438 1470 3514; x_wconf 87' lang='lat' dir='ltr'>Michaelem</span> <span class='ocrx_word' id='word_1_191' title='bbox 1496 3440 1568 3514; x_wconf 90' lang='lat' dir='ltr'>Ce-</span> 
     </span>
     <span class='ocr_line' id='line_1_26' title="bbox 189 3533 1568 3636; baseline -0.016 -8"><span class='ocrx_word' id='word_1_192' title='bbox 189 3550 350 3629; x_wconf 80' lang='lat' dir='ltr'>solarium</span> <span class='ocrx_word' id='word_1_193' title='bbox 376 3545 450 3616; x_wconf 76' lang='grc' dir='ltr'>ΟΡ.</span> <span class='ocrx_word' id='word_1_194' title='bbox 478 3540 713 3636; x_wconf 85' lang='lat' dir='ltr'>Episcopum:</span> <span class='ocrx_word' id='word_1_195' title='bbox 739 3547 890 3618; x_wconf 80' lang='lat' dir='ltr'>vteuim</span> <span class='ocrx_word' id='word_1_196' title='bbox 920 3545 1029 3634; x_wconf 82' lang='lat' dir='ltr'>fertur</span> <span class='ocrx_word' id='word_1_197' title='bbox 1059 3565 1165 3614; x_wconf 86' lang='lat' dir='ltr'>omues</span> <span class='ocrx_word' id='word_1_198' title='bbox 1194 3533 1381 3612; x_wconf 74' lang='lat' dir='ltr'>Latinorum</span> <span class='ocrx_word' id='word_1_199' title='bbox 1418 3535 1568 3626; x_wconf 76' lang='lat' dir='ltr'>Bafilr&#39;eas</span> 
     </span>
     <span class='ocr_line' id='line_1_27' title="bbox 196 3633 1569 3754; baseline -0.012 -31"><span class='ocrx_word' id='word_1_200' title='bbox 196 3671 293 3754; x_wconf 81' lang='lat' dir='ltr'>perses</span> <span class='ocrx_word' id='word_1_201' title='bbox 316 3665 376 3716; x_wconf 84' lang='lat' dir='ltr'>uos</span> <span class='ocrx_word' id='word_1_202' title='bbox 400 3639 579 3730; x_wconf 61' lang='lat' dir='ltr'>clausulis,</span> <span class='ocrx_word' id='word_1_203' title='bbox 608 3639 778 3712; x_wconf 83' lang='lat' dir='ltr'>Monaclris</span> <span class='ocrx_word' id='word_1_204' title='bbox 794 3637 992 3727; x_wconf 71' lang='lat' dir='ltr'>Monadrria</span> <span class='ocrx_word' id='word_1_205' title='bbox 1017 3642 1063 3715; x_wconf 59' lang='grc' dir='ltr'>(θ’</span> <span class='ocrx_word' id='word_1_206' title='bbox 1087 3633 1280 3710; x_wconf 63' lang='lat' dir='ltr'>abbatibus</span> <span class='ocrx_word' id='word_1_207' title='bbox 1302 3634 1452 3720; x_wconf 68' lang='lat' dir='ltr'>tulistis&#39;,</span> <span class='ocrx_word' id='word_1_208' title='bbox 1471 3636 1569 3706; x_wconf 85' lang='lat' dir='ltr'>donet</span> 
     </span>
     <span class='ocr_line' id='line_1_28' title="bbox 200 3731 1570 3834; baseline -0.008 -17"><span class='ocrx_word' id='word_1_209' title='bbox 200 3747 318 3834; x_wconf 76' lang='lat' dir='ltr'>uestris</span> <span class='ocrx_word' id='word_1_210' title='bbox 343 3742 496 3812; x_wconf 80' lang='lat' dir='ltr'>uiuerent</span> <span class='ocrx_word' id='word_1_211' title='bbox 520 3737 705 3822; x_wconf 72' lang='lat' dir='ltr'>institutis.</span> <span class='ocrx_word' id='word_1_212' title='bbox 736 3749 818 3810; x_wconf 77' lang='lat' dir='ltr'>Ecce</span> <span class='ocrx_word' id='word_1_213' title='bbox 843 3741 876 3811; x_wconf 86' lang='lat' dir='ltr'>irr</span> <span class='ocrx_word' id='word_1_214' title='bbox 903 3737 964 3810; x_wconf 79' lang='lat' dir='ltr'>hac</span> <span class='ocrx_word' id='word_1_215' title='bbox 985 3749 1082 3834; x_wconf 85' lang='lat' dir='ltr'>parte</span> <span class='ocrx_word' id='word_1_216' title='bbox 1115 3743 1260 3827; x_wconf 66' lang='lat' dir='ltr'>Romatio</span> <span class='ocrx_word' id='word_1_217' title='bbox 1282 3731 1423 3822; x_wconf 77' lang='lat' dir='ltr'>Ecclefia</span> <span class='ocrx_word' id='word_1_218' title='bbox 1450 3743 1570 3829; x_wconf 75' lang='lat' dir='ltr'>quauta</span> 
     </span>
     <span class='ocr_line' id='line_1_29' title="bbox 195 3831 1574 3937; baseline -0.015 -19"><span class='ocrx_word' id='word_1_219' title='bbox 195 3841 371 3937; x_wconf 79' lang='lat' dir='ltr'>discretior</span> <span class='ocrx_word' id='word_1_220' title='bbox 396 3843 439 3912; x_wconf 71' lang='lat' dir='ltr'>de</span> <span class='ocrx_word' id='word_1_221' title='bbox 461 3831 646 3906; x_wconf 86' lang='lat' dir='ltr'>clementior</span> <span class='ocrx_word' id='word_1_222' title='bbox 667 3832 762 3907; x_wconf 83' lang='lat' dir='ltr'>vobis</span> <span class='ocrx_word' id='word_1_223' title='bbox 792 3833 863 3917; x_wconf 74' lang='lat' dir='ltr'>es?</span> <span class='ocrx_word' id='word_1_224' title='bbox 887 3837 1047 3932; x_wconf 86' lang='lat' dir='ltr'>Siquidem</span> <span class='ocrx_word' id='word_1_225' title='bbox 1078 3853 1149 3904; x_wconf 86' lang='lat' dir='ltr'>cum</span> <span class='ocrx_word' id='word_1_226' title='bbox 1174 3835 1291 3911; x_wconf 75' lang='lat' dir='ltr'>intra,</span> <span class='ocrx_word' id='word_1_227' title='bbox 1317 3837 1363 3906; x_wconf 52' lang='grc' dir='ltr'>(θ’</span> <span class='ocrx_word' id='word_1_228' title='bbox 1385 3844 1483 3902; x_wconf 86' lang='lat' dir='ltr'>extra</span> <span class='ocrx_word' id='word_1_229' title='bbox 1509 3840 1574 3916; x_wconf 73' lang='lat' dir='ltr'>Ro·</span> 
     </span>
     <span class='ocr_line' id='line_1_30' title="bbox 194 3923 1575 4098; baseline -0.004 -93"><span class='ocrx_word' id='word_1_230' title='bbox 194 3967 285 4018; x_wconf 70' lang='lat' dir='ltr'>mam</span> <span class='ocrx_word' id='word_1_231' title='bbox 307 3935 453 4035; x_wconf 87' lang='lat' dir='ltr'>plurima</span> <span class='ocrx_word' id='word_1_232' title='bbox 483 3945 676 4006; x_wconf 84' lang='lat' dir='ltr'>Graecorum</span> <span class='ocrx_word' id='word_1_233' title='bbox 696 3940 899 4098; x_wconf 55' lang='lat' dir='ltr'>reperiantur</span> <span class='ocrx_word' id='word_1_234' title='bbox 927 3927 1122 4015; x_wconf 78' lang='lat' dir='ltr'>Mouaflrria</span> <span class='ocrx_word' id='word_1_235' title='bbox 1135 3974 1147 4010; x_wconf 82' lang='lat'><strong>‚</strong></span> <span class='ocrx_word' id='word_1_236' title='bbox 1158 3927 1230 4018; x_wconf 73' lang='lat' dir='ltr'>five</span> <span class='ocrx_word' id='word_1_237' title='bbox 1247 3925 1406 4016; x_wconf 77' lang='lat' dir='ltr'>Ecclefiae</span> <span class='ocrx_word' id='word_1_238' title='bbox 1423 3973 1435 4008; x_wconf 80' lang='grc'><em>,</em></span> <span class='ocrx_word' id='word_1_239' title='bbox 1450 3923 1575 4000; x_wconf 79' lang='lat' dir='ltr'>nutura</span> 
     </span>
     <span class='ocr_line' id='line_1_31' title="bbox 192 4023 1575 4128; baseline -0.014 -14"><span class='ocrx_word' id='word_1_240' title='bbox 192 4062 304 4115; x_wconf 81' lang='lat' dir='ltr'>eorum</span> <span class='ocrx_word' id='word_1_241' title='bbox 329 4029 431 4105; x_wconf 85' lang='lat' dir='ltr'>adlrrrc</span> <span class='ocrx_word' id='word_1_242' title='bbox 453 4027 666 4126; x_wconf 84' lang='lat' dir='ltr'>perturbatur</span> <span class='ocrx_word' id='word_1_243' title='bbox 682 4053 724 4102; x_wconf 82' lang='lat' dir='ltr'>ve</span> <span class='ocrx_word' id='word_1_244' title='bbox 757 4027 948 4128; x_wconf 82' lang='lat' dir='ltr'>prohibetur</span> <span class='ocrx_word' id='word_1_245' title='bbox 973 4042 1148 4126; x_wconf 82' lang='lat' dir='ltr'>apaterao</span> <span class='ocrx_word' id='word_1_246' title='bbox 1181 4025 1388 4106; x_wconf 83' lang='lat' dir='ltr'>traditione,</span> <span class='ocrx_word' id='word_1_247' title='bbox 1407 4023 1478 4113; x_wconf 73' lang='lat' dir='ltr'>five</span> <span class='ocrx_word' id='word_1_248' title='bbox 1501 4047 1575 4096; x_wconf 84' lang='lat' dir='ltr'>eorr-</span> 
     </span>
     <span class='ocr_line' id='line_1_32' title="bbox 187 4119 1575 4230; baseline -0.014 -20"><span class='ocrx_word' id='word_1_249' title='bbox 187 4136 381 4230; x_wconf 82' lang='lat' dir='ltr'>suetudine,</span> <span class='ocrx_word' id='word_1_250' title='bbox 408 4133 483 4224; x_wconf 80' lang='lat' dir='ltr'>qaia</span> <span class='ocrx_word' id='word_1_251' title='bbox 500 4129 609 4222; x_wconf 81' lang='lat' dir='ltr'>potius</span> <span class='ocrx_word' id='word_1_252' title='bbox 629 4131 804 4218; x_wconf 76' lang='lat' dir='ltr'>fraudetur,</span> <span class='ocrx_word' id='word_1_253' title='bbox 832 4135 876 4202; x_wconf 66' lang='lat' dir='ltr'>d*</span> <span class='ocrx_word' id='word_1_254' title='bbox 902 4127 1089 4198; x_wconf 79' lang='lat' dir='ltr'>admonetur</span> <span class='ocrx_word' id='word_1_255' title='bbox 1107 4142 1177 4195; x_wconf 87' lang='lat' dir='ltr'>eam</span> <span class='ocrx_word' id='word_1_256' title='bbox 1197 4119 1403 4212; x_wconf 82' lang='lat' dir='ltr'>observare·</span> <span class='ocrx_word' id='word_1_257' title='bbox 1432 4169 1442 4190; x_wconf 86' lang='lat'><strong>.</strong></span> <span class='ocrx_word' id='word_1_258' title='bbox 1467 4172 1477 4193; x_wconf 90' lang='lat'><strong>.</strong></span> <span class='ocrx_word' id='word_1_259' title='bbox 1507 4122 1575 4192; x_wconf 82' lang='lat' dir='ltr'>Scit</span> 
     </span>
     <span class='ocr_line' id='line_1_33' title="bbox 191 4219 1575 4330; baseline -0.007 -32"><span class='ocrx_word' id='word_1_260' title='bbox 191 4257 333 4330; x_wconf 75' lang='lat' dir='ltr'>namque</span> <span class='ocrx_word' id='word_1_261' title='bbox 361 4231 438 4324; x_wconf 82' lang='lat' dir='ltr'>quia</span> <span class='ocrx_word' id='word_1_262' title='bbox 458 4221 542 4296; x_wconf 82' lang='lat' dir='ltr'>uilril</span> <span class='ocrx_word' id='word_1_263' title='bbox 563 4222 685 4308; x_wconf 80' lang='lat' dir='ltr'>obslaut</span> <span class='ocrx_word' id='word_1_264' title='bbox 708 4221 810 4314; x_wconf 79' lang='lat' dir='ltr'>saluti</span> <span class='ocrx_word' id='word_1_265' title='bbox 834 4227 1026 4298; x_wconf 82' lang='lat' dir='ltr'>crederuium</span> <span class='ocrx_word' id='word_1_266' title='bbox 1052 4223 1199 4310; x_wconf 75' lang='lat' dir='ltr'>diuersae</span> <span class='ocrx_word' id='word_1_267' title='bbox 1213 4241 1276 4318; x_wconf 87' lang='lat' dir='ltr'>pro</span> <span class='ocrx_word' id='word_1_268' title='bbox 1300 4219 1369 4291; x_wconf 85' lang='lat' dir='ltr'>loco</span> <span class='ocrx_word' id='word_1_269' title='bbox 1389 4265 1400 4298; x_wconf 87' lang='lat'>‚</span> <span class='ocrx_word' id='word_1_270' title='bbox 1423 4223 1468 4294; x_wconf 59' lang='grc' dir='ltr'>(ν</span> <span class='ocrx_word' id='word_1_271' title='bbox 1491 4233 1575 4290; x_wconf 89' lang='lat' dir='ltr'>tem·</span> 
     </span>
    </p>
   </div>
   <div class='ocr_carea' id='block_1_5' title="bbox 185 4312 1892 5187">
    <p class='ocr_par' dir='ltr' id='par_1_7' title="bbox 185 4312 1575 4533">
     <span class='ocr_line' id='line_1_34' title="bbox 188 4312 1575 4432; baseline -0.014 -27"><span class='ocrx_word' id='word_1_272' title='bbox 188 4353 276 4432; x_wconf 86' lang='lat' dir='ltr'>pore</span> <span class='ocrx_word' id='word_1_273' title='bbox 298 4323 560 4415; x_wconf 73' lang='lat' dir='ltr'>consuetudines,</span> <span class='ocrx_word' id='word_1_274' title='bbox 586 4323 709 4420; x_wconf 83' lang='lat' dir='ltr'>quaudo</span> <span class='ocrx_word' id='word_1_275' title='bbox 734 4345 795 4394; x_wconf 84' lang='lat' dir='ltr'>arra</span> <span class='ocrx_word' id='word_1_276' title='bbox 811 4320 893 4408; x_wconf 80' lang='lat' dir='ltr'>fides</span> <span class='ocrx_word' id='word_1_277' title='bbox 916 4319 1200 4419; x_wconf 71' lang='lat' dir='ltr'>perdilectionem</span> <span class='ocrx_word' id='word_1_278' title='bbox 1228 4335 1360 4414; x_wconf 82' lang='lat' dir='ltr'>operans</span> <span class='ocrx_word' id='word_1_279' title='bbox 1384 4312 1466 4390; x_wconf 82' lang='lat' dir='ltr'>borsa</span> <span class='ocrx_word' id='word_1_280' title='bbox 1493 4336 1575 4412; x_wconf 77' lang='lat' dir='ltr'>quar</span> 
     </span>
     <span class='ocr_line' id='line_1_35' title="bbox 185 4421 857 4533; baseline -0.012 -37"><span class='ocrx_word' id='word_1_281' title='bbox 185 4427 319 4533; x_wconf 75' lang='lat' dir='ltr'>peresi,</span> <span class='ocrx_word' id='word_1_282' title='bbox 340 4427 394 4494; x_wconf 84' lang='lat' dir='ltr'>utri</span> <span class='ocrx_word' id='word_1_283' title='bbox 422 4433 488 4491; x_wconf 86' lang='lat' dir='ltr'>Deo</span> <span class='ocrx_word' id='word_1_284' title='bbox 510 4421 857 4492; x_wconf 74' lang='lat' dir='ltr'>commendatorum.</span> 
     </span>
    </p>

    <p class='ocr_par' dir='ltr' id='par_1_8' title="bbox 296 4511 1784 4620">
     <span class='ocr_line' id='line_1_36' title="bbox 296 4511 1784 4620; baseline -0.005 -33"><span class='ocrx_word' id='word_1_285' title='bbox 296 4517 363 4620; x_wconf 84' lang='lat'>(2)</span> <span class='ocrx_word' id='word_1_286' title='bbox 388 4545 392 4552; x_wconf 93' lang='lat'>·</span> <span class='ocrx_word' id='word_1_287' title='bbox 413 4517 620 4590; x_wconf 83' lang='lat' dir='ltr'>Hadrianum</span> <span class='ocrx_word' id='word_1_288' title='bbox 658 4517 684 4590; x_wconf 91' lang='lat' dir='ltr'>l.</span> <span class='ocrx_word' id='word_1_289' title='bbox 711 4517 744 4588; x_wconf 89' lang='lat' dir='ltr'>S.</span> <span class='ocrx_word' id='word_1_290' title='bbox 763 4516 867 4590; x_wconf 85' lang='lat' dir='ltr'>Sabae</span> <span class='ocrx_word' id='word_1_291' title='bbox 891 4520 1091 4590; x_wconf 88' lang='lat' dir='ltr'>monachum</span> <span class='ocrx_word' id='word_1_292' title='bbox 1117 4511 1212 4584; x_wconf 82' lang='lat' dir='ltr'>soille</span> <span class='ocrx_word' id='word_1_293' title='bbox 1240 4559 1251 4590; x_wconf 79' lang='lat'><em>‚</em></span> <span class='ocrx_word' id='word_1_294' title='bbox 1272 4511 1352 4604; x_wconf 83' lang='lat' dir='ltr'>lego</span> <span class='ocrx_word' id='word_1_295' title='bbox 1383 4513 1470 4604; x_wconf 87' lang='lat' dir='ltr'>apud</span> <span class='ocrx_word' id='word_1_296' title='bbox 1496 4513 1575 4582; x_wconf 83' lang='lat' dir='ltr'>Bar-</span> <span class='ocrx_word' id='word_1_297' title='bbox 1777 4595 1784 4612; x_wconf 27' lang='grc' dir='ltr'>υ</span> 
     </span>
    </p>

    <p class='ocr_par' dir='ltr' id='par_1_9' title="bbox 191 4589 1892 5187">
     <span class='ocr_line' id='line_1_37' title="bbox 191 4589 1892 4706; baseline -0.014 -11"><span class='ocrx_word' id='word_1_298' title='bbox 191 4621 428 4696; x_wconf 86' lang='lat' dir='ltr'>tholomaeum</span> <span class='ocrx_word' id='word_1_299' title='bbox 457 4616 573 4686; x_wconf 88' lang='lat' dir='ltr'>Piazza</span> <span class='ocrx_word' id='word_1_300' title='bbox 602 4617 680 4703; x_wconf 77' lang='lat' dir='ltr'>(a),</span> <span class='ocrx_word' id='word_1_301' title='bbox 707 4611 854 4706; x_wconf 88' lang='lat' dir='ltr'>aliosque</span> <span class='ocrx_word' id='word_1_302' title='bbox 881 4613 1079 4690; x_wconf 62' lang='lat' dir='ltr'>arionitas,</span> <span class='ocrx_word' id='word_1_303' title='bbox 1107 4609 1229 4680; x_wconf 87' lang='lat' dir='ltr'>vellem</span> <span class='ocrx_word' id='word_1_304' title='bbox 1258 4609 1392 4689; x_wconf 83' lang='lat' dir='ltr'>hujusce</span> <span class='ocrx_word' id='word_1_305' title='bbox 1416 4610 1466 4678; x_wconf 89' lang='lat' dir='ltr'>tei</span> <span class='ocrx_word' id='word_1_306' title='bbox 1483 4609 1574 4678; x_wconf 86' lang='lat' dir='ltr'>telli·</span> <span class='ocrx_word' id='word_1_307' title='bbox 1612 4589 1892 4676; x_wconf 66' lang='lat' dir='ltr'>(quandiuque</span> 
     </span>
     <span class='ocr_line' id='line_1_38' title="bbox 192 4685 1718 4805; baseline -0.015 -10"><span class='ocrx_word' id='word_1_308' title='bbox 192 4721 314 4795; x_wconf 80' lang='lat' dir='ltr'>monia</span> <span class='ocrx_word' id='word_1_309' title='bbox 338 4712 433 4786; x_wconf 87' lang='lat' dir='ltr'>nobis</span> <span class='ocrx_word' id='word_1_310' title='bbox 456 4709 682 4805; x_wconf 82' lang='lat' dir='ltr'>protulillent,</span> <span class='ocrx_word' id='word_1_311' title='bbox 708 4733 784 4782; x_wconf 88' lang='lat' dir='ltr'>nam</span> <span class='ocrx_word' id='word_1_312' title='bbox 810 4737 855 4784; x_wconf 88' lang='lat' dir='ltr'>ex</span> <span class='ocrx_word' id='word_1_313' title='bbox 885 4713 1045 4781; x_wconf 80' lang='lat' dir='ltr'>Hadriani</span> <span class='ocrx_word' id='word_1_314' title='bbox 1074 4707 1170 4798; x_wconf 82' lang='lat' dir='ltr'>ipfius</span> <span class='ocrx_word' id='word_1_315' title='bbox 1193 4707 1260 4778; x_wconf 80' lang='lat' dir='ltr'>vita</span> <span class='ocrx_word' id='word_1_316' title='bbox 1285 4730 1362 4776; x_wconf 84' lang='lat' dir='ltr'>eum</span> <span class='ocrx_word' id='word_1_317' title='bbox 1384 4706 1467 4796; x_wconf 87' lang='lat' dir='ltr'>apud</span> <span class='ocrx_word' id='word_1_318' title='bbox 1492 4705 1575 4774; x_wconf 78' lang='lat' dir='ltr'>Sarr-</span> <span class='ocrx_word' id='word_1_319' title='bbox 1610 4685 1718 4760; x_wconf 47' lang='grc' dir='ltr'>ΡΜ·</span> 
     </span>
     <span class='ocr_line' id='line_1_39' title="bbox 196 4799 1577 4905; baseline -0.014 -15"><span class='ocrx_word' id='word_1_320' title='bbox 196 4821 295 4898; x_wconf 65' lang='lat' dir='ltr'>&amp;um</span> <span class='ocrx_word' id='word_1_321' title='bbox 318 4817 471 4898; x_wconf 82' lang='lat' dir='ltr'>Marcum</span> <span class='ocrx_word' id='word_1_322' title='bbox 495 4807 518 4880; x_wconf 72' lang='lat' dir='ltr'>a&#39;</span> <span class='ocrx_word' id='word_1_323' title='bbox 533 4812 644 4905; x_wconf 83' lang='lat' dir='ltr'>priora</span> <span class='ocrx_word' id='word_1_324' title='bbox 670 4813 787 4879; x_wconf 86' lang='lat' dir='ltr'>aetatis</span> <span class='ocrx_word' id='word_1_325' title='bbox 801 4812 879 4896; x_wconf 76' lang='lat' dir='ltr'>frere</span> <span class='ocrx_word' id='word_1_326' title='bbox 897 4812 1040 4904; x_wconf 65' lang='lat' dir='ltr'>purletia</span> <span class='ocrx_word' id='word_1_327' title='bbox 1065 4804 1242 4874; x_wconf 81' lang='lat' dir='ltr'>educatum</span> <span class='ocrx_word' id='word_1_328' title='bbox 1272 4803 1363 4871; x_wconf 76' lang='lat' dir='ltr'>suile</span> <span class='ocrx_word' id='word_1_329' title='bbox 1388 4820 1478 4890; x_wconf 79' lang='lat' dir='ltr'>patet</span> <span class='ocrx_word' id='word_1_330' title='bbox 1493 4823 1502 4869; x_wconf 80' lang='lat' dir='ltr'>t</span> <span class='ocrx_word' id='word_1_331' title='bbox 1518 4799 1577 4871; x_wconf 81' lang='lat' dir='ltr'>u&#39;ni</span> 
     </span>
     <span class='ocr_line' id='line_1_40' title="bbox 192 4900 1576 5002; baseline -0.013 -18"><span class='ocrx_word' id='word_1_332' title='bbox 192 4917 286 4992; x_wconf 87' lang='lat' dir='ltr'>calle</span> <span class='ocrx_word' id='word_1_333' title='bbox 317 4959 328 4991; x_wconf 88' lang='lat'>‚</span> <span class='ocrx_word' id='word_1_334' title='bbox 366 4915 561 5001; x_wconf 84' lang='lat' dir='ltr'>integreque</span> <span class='ocrx_word' id='word_1_335' title='bbox 601 4905 718 5002; x_wconf 71' lang='lat' dir='ltr'>vivens</span> <span class='ocrx_word' id='word_1_336' title='bbox 762 4930 779 4975; x_wconf 86' lang='lat' dir='ltr'>a</span> <span class='ocrx_word' id='word_1_337' title='bbox 818 4905 919 4976; x_wconf 85' lang='lat' dir='ltr'>Paulo</span> <span class='ocrx_word' id='word_1_338' title='bbox 947 4907 972 4976; x_wconf 86' lang='lat' dir='ltr'>l.</span> <span class='ocrx_word' id='word_1_339' title='bbox 999 4903 1157 4977; x_wconf 86' lang='lat' dir='ltr'>Notarius</span> <span class='ocrx_word' id='word_1_340' title='bbox 1187 4900 1406 4994; x_wconf 80' lang='lat' dir='ltr'>Regionarirrs</span> <span class='ocrx_word' id='word_1_341' title='bbox 1456 4901 1576 4970; x_wconf 74' lang='lat' dir='ltr'>conili-</span> 
     </span>
     <span class='ocr_line' id='line_1_41' title="bbox 195 4997 1579 5102; baseline -0.008 -19"><span class='ocrx_word' id='word_1_342' title='bbox 195 5031 292 5086; x_wconf 82' lang='lat' dir='ltr'>tutus</span> <span class='ocrx_word' id='word_1_343' title='bbox 317 5009 361 5079; x_wconf 83' lang='lat' dir='ltr'>est</span> <span class='ocrx_word' id='word_1_344' title='bbox 394 5053 406 5086; x_wconf 84' lang='lat'>‚</span> <span class='ocrx_word' id='word_1_345' title='bbox 433 5015 467 5078; x_wconf 81' lang='lat' dir='ltr'>lit</span> <span class='ocrx_word' id='word_1_346' title='bbox 489 5003 706 5102; x_wconf 61' lang='lat' dir='ltr'>spollrnodum</span> <span class='ocrx_word' id='word_1_347' title='bbox 733 5001 982 5092; x_wconf 79' lang='lat' dir='ltr'>Subdiaeonus3</span> <span class='ocrx_word' id='word_1_348' title='bbox 1010 5027 1028 5074; x_wconf 83' lang='lat' dir='ltr'>a</span> <span class='ocrx_word' id='word_1_349' title='bbox 1052 5000 1218 5090; x_wconf 85' lang='lat' dir='ltr'>Stephano</span> <span class='ocrx_word' id='word_1_350' title='bbox 1243 4997 1447 5080; x_wconf 62' lang='lat' dir='ltr'>vermerias</span> <span class='ocrx_word' id='word_1_351' title='bbox 1466 5001 1579 5094; x_wconf 82' lang='lat' dir='ltr'>pallea</span> 
     </span>
     <span class='ocr_line' id='line_1_42' title="bbox 191 5102 889 5187; baseline -0.011 -3"><span class='ocrx_word' id='word_1_352' title='bbox 191 5105 365 5184; x_wconf 80' lang='lat' dir='ltr'>successor</span> <span class='ocrx_word' id='word_1_353' title='bbox 399 5103 476 5187; x_wconf 84' lang='lat' dir='ltr'>fuit,</span> <span class='ocrx_word' id='word_1_354' title='bbox 500 5105 671 5177; x_wconf 80' lang='lat' dir='ltr'>Diaconos</span> <span class='ocrx_word' id='word_1_355' title='bbox 694 5102 801 5177; x_wconf 78' lang='lat' dir='ltr'>faetus</span> <span class='ocrx_word' id='word_1_356' title='bbox 824 5104 889 5176; x_wconf 82' lang='lat' dir='ltr'>eli.</span> 
     </span>
    </p>
   </div>
   <div class='ocr_carea' id='block_1_6' title="bbox 0 0 2299 6500">
    <p class='ocr_par' dir='ltr' id='par_1_10' title="bbox 0 0 2299 6500">
     <span class='ocr_line' id='line_1_43' title="bbox 0 0 2299 6500; baseline 0 0"><span class='ocrx_word' id='word_1_357' title='bbox 0 0 2299 6500; x_wconf 95' lang='lat' dir='ltr'> </span> 
     </span>
    </p>
   </div>
  </div>
 </body>
</html>
