4568 7398
485 693 648 820 eq‘uus
691 671 1099 808 immolaretur,
1144 685 1234 832 qni
1287 714 1464 801 autore
1507 687 1649 804 Festo
1692 690 1747 804 in
1799 692 1894 802 Car

483 859 694 976 Martio
742 871 1153 1006 immolabatur,
1199 879 1267 991 in·
1303 918 1363 988 eo
1406 873 1558 1005 ‚fuiffe
1597 873 1709 992 ilias
1741 875 1895 994 arbitr

485 1099 588 1171 non
620 1055 771 1218 longe
805 1108 835 1180 a
870 1069 1092 1196 Martis,
1135 1063 1223 1180 vel
1258 1068 1407 1192 Arri,
1444 1064 1527 1178 vel
1559 1063 1808 1225 Templo.
1841 1076 1894 1184 A

484 1248 684 1364 Martis
727 1292 796 1366 ex
849 1259 996 1371 Livio
1027 1259 1093 1354 (θ)
1136 1257 1303 1382 nosti,
1345 1250 1629 1410 Templum
1672 1253 1898 1399 habesa

356 1575 360 1583 Ι
487 1440 722 1558 Dionem
742 1449 830 1563 (bb
864 1453 1116 1568 Ciconias
1148 1449 1299 1568 hasce
1322 1453 1540 1570 inmites
1573 1445 1669 1568 tibi
1700 1449 1900 1602 relinqu

486 1681 708 1790 nequae
744 1643 807 1756 de
836 1647 899 1760 iis
931 1646 1159 1766 dibiurus
1183 1689 1246 1765 es
1273 1690 1396 1764 cum
1432 1623 1667 1765 anemone
1704 1652 1901 1770 Venerin

489 1841 840 1954 Rationnrium
874 1842 1330 1998 interpretaberis,
1357 1876 1509 1996 atque
1536 1843 1845 1976 illustrabis,
1866 1883 1901 2000 p

491 2073 744 2191 occupare
777 2037 909 2153 velle
947 2041 1160 2160 videar.

498 2318 502 2328 .
570 2234 746 2352 XVII.
826 2234 1264 2352 ORCITIRIX.
1298 2237 1350 2348 Si
1384 2229 1508 2384 quid
1542 2271 1650 2346 vox
1682 2233 1775 2344 ista
1809 2229 1901 2345 fibi

489 2423 554 2538 lit
588 2428 899 2580 interroges,
930 2435 1221 2584 Supremam
1252 2433 1519 2582 Sybarum
1550 2435 1762 2576 Regem,
1782 2425 1878 2575 seu

492 2627 678 2732 minum
724 2619 1073 2776 interpretor.
1134 2620 1245 2732 OR
1295 2619 1435 2731 enim
1479 2611 1780 2728 nominibus
1830 2653 1909 2768 prr

485 2811 722 2922 xum.(¹,⁴)
747 2805 888 2920 idem·
915 2813 1016 2941 est,
1041 2852 1101 2925 ac
1120 2813 1264 2942 AR,
1290 2807 1496 2935 ARD,
1521 2804 1767 2934 ARTH,
1788 2843 1910 2954 quo(

487 3040 625 3128 rum,
641 3005 887 3148 sublime,
896 3004 1219 3154 supremum,
1247 3005 1387 3162 apud
1409 3003 1590 3116 Celtas
1621 2991 1793 3114 sonat,
1816 2993 1934 3106 Cl'f

491 3201 630 3320 Coit,
653 3231 785 3340 quae
820 3231 926 3308 vox
969 3191 1108 3344 apud
1136 3193 1317 3336 Gallos
1348 3239 1508 3314 nemus
1542 3191 1900 3358 fignificabat,

489 3441 726 3534 cotoneo
773 3387 963 3504 deduci
1002 3384 1151 3502 facile
1181 3384 1316 3541 poffe
1355 3384 1508 3506 nemo
1540 3435 1643 3506 non
1673 3385 1845 3508 videt.
1879 3387 1915 3500 lt

491 3585 746 3710 Baxtero,
780 3579 990 3733 aliisque
1026 3579 1261 3736 pluribus
1295 3579 1434 3696 idem
1470 3585 1542 3697 est
1577 3625 1637 3699 ae
1668 3595 1800 3706 Rex.
1834 3598 1935 3708 Cir,

490 3787 667 3907 torix,
712 3778 879 3928 inquit
925 3775 1271 3892 Baxterusi‘)
1290 3780 1504 3924 ,quast
1546 3777 1677 3890 dicas
1724 3791 1935 3898 Britonn

488 3983 721 4098 Kenra·
652 4019 785 4122 reg,
810 3979 940 4124 quod
957 3983 1148 4091 Primus
1179 3971 1275 4116 est,
1300 3980 1435 4098 Rex,
1458 3974 1580 4116 stre
1592 3979 1841 4090 Dnttor...
1847 3979 1935 4126 ,9η

489 4167 897 4315 Vercingetorix,
950 4173 1184 4284 Straboni
1215 4199 1597 4315 ουερκιγνετοριξ,
1643 4173 1741 4317 nist
1778 4171 1935 4322 serm:

351 4485 354 4489 ,
487 4367 736 4482 Celtarum
776 4359 1027 4471 HRKEN
1070 4361 1287 4476 TARIG
1336 4403 1443 4474 cum
1485 4369 1695 4477 articulo
1741 4373 1935 4482 Britam

487 4591 593 4674 co..
609 4639 622 4672 .
638 4637 651 4670 .
668 4637 681 4668 .
700 4552 839 4664 Kertd
842 4627 862 4647 -
872 4557 982 4697 rig,
1005 4553 1093 4664 vel
1109 4553 1436 4705 Kendrctgon
1459 4595 1607 4714 caput
1628 4571 1849 4712 Regum,
1870 4573 1935 4679 Rr

965 4789 972 4799 ’
1852 4769 1935 4876 Prr

559 5031 748 5133 (134)
752 5021 901 5118 ,OR
920 5021 943 5102 ὲ
982 5020 1021 5102 la
1049 5035 1133 5100 tete
1167 5013 1267 5096 d’un
1304 5037 1402 5096 nom
1425 5037 1477 5096 ne
1508 5013 1714 5122 marqnoit
1741 5039 1808 5122 pas
1836 4950 1935 5104 moii

480 5179 516 5243 ·„
548 5169 627 5251 que
654 5075 790 5234 celui,
822 5141 890 5245 qui
919 5143 960 5224 le
987 5135 1141 5244 portoit
1168 5125 1270 5214 e'toit
1306 5157 1355 5213 au
1387 5129 1514 5214 deffns
1549 5132 1602 5214 de
1637 5149 1759 5228 tout,
1787 5162 1865 5242 que
1893 5138 1934 5218 A

482 5261 706 5363 „ARD,
728 5257 914 5351 ARTH,
945 5257 1014 5363 qui
1043 5251 1230 5362 fignifioit
1255 5243 1582 5350 Haut,Eleve',
1615 5251 1839 5357 supreme.
1852 5257 1935 5353 „i

484 5385 592 5474 chat.
620 5380 651 5466 l.
686 5403 723 5464 c.
761 5403 852 5487 pag.
887 5383 984 5486 587.
