4666 6492
444 644 527 735 DE
576 637 1076 736 inanimatorum
1126 643 1348 741 NuMO.
1492 657 1571 744 21

215 777 270 874 θ’
296 776 471 889 instgnio
485 785 667 899 seruare
691 833 712 874 ,
736 775 789 874 ό*
819 781 874 863 ad
901 776 1079 892 posteros
1112 781 1438 894 transmittere·
1467 789 1581 882 Hinc

215 892 296 982 Dii
328 923 603 994 communes,
641 891 695 988 ὠ·
717 893 915 1010 symbola
947 896 1174 982 communia
1195 898 1445 1012 plerumque
1475 899 1585 1020 stunt

205 1010 384 1124 patriae
411 1010 612 1126 antiquae
639 1007 831 1110 indicio,
851 1008 1013 1120 etiamst
1037 1037 1181 1098 nemen
1211 1039 1259 1097 ea
1278 1013 1487 1100 occultare
1524 1019 1585 1104 ui·

214 1125 391 1216 deutur·
421 1137 538 1217 Haec
568 1125 858 1212 Wachterus.
891 1129 1008 1210 Hinc
1040 1133 1246 1214 Teneates
1278 1126 1482 1215 I'enediie
1512 1158 1586 1216 co·

214 1263 368 1353 gnatos
393 1243 549 1341 fuisse,
575 1243 625 1330 ab
654 1239 868 1354 Apollinis
896 1239 1013 1324 cultu
1052 1243 1164 1357 apud
1198 1241 1392 1356 utrosque
1420 1241 1583 1348 finili,

204 1355 391 1444 deduxit
415 1357 566 1446 Strabo
602 1385 614 1446 r
659 1351 839 1441 Videtur
883 1353 1009 1438 etiam
1038 1359 1228 1466 cognatio
1260 1357 1460 1472 quaedam
1495 1385 1585 1446 cum

220 1472 418 1558 Teneotis
444 1474 513 1590 effi
545 1470 821 1558 Tenediorum
849 1499 875 1554 a
906 1472 1022 1556 Tene
1055 1471 1193 1582 Cygni
1204 1473 1308 1586 fidia
1322 1539 1343 1578 ,
1368 1487 1415 1556 ut
1434 1472 1587 1588 Aristo·

216 1586 319 1672 tedes
350 1591 485 1674 tradit
512 1655 527 1692 ‚
555 1612 834 1699 magnumque
874 1583 959 1681 ejus
994 1606 1328 1700 argumentum,
1367 1589 1614 1697 Apollinis·

216 1701 354 1786 cultus
371 1705 481 1813 opud
498 1705 692 1814 utrosque
704 1699 864 1802 strnidis
888 1704 1069 1806 praebet
1081 1703 1181 1814 (a).
1211 1709 1357 1818 Neque
1377 1699 1451 1788 hic
1468 1735 1587 1818 prae·
1614 1731 1660 1805 (α)
1679 1725 1905 1796 §mammona

216 1819 519 1904 termittendus
552 1815 815 1900 Metrodorus
854 1815 929 1900 ille
962 1817 1196 1907 Trallianus
1229 1871 1246 1913 ,
1293 1843 1417 1932 quem
1462 1819 1585 1930 'jonis
1615 1815 1767 1892 immo·

212 1929 423 2042 Lariſsoei
445 1928 722 2020 Sacerdotem
750 1928 914 2025 fuisse,
945 1964 995 2022 ex
1032 1935 1239 2022 Strabone
1273 1933 1393 2044 supra
1423 1931 1589 2044 docui3

214 2044 462 2158 Hujuimodi
486 2053 603 2136 enim
629 2044 913 2153 sacerdotio,
950 2077 1034 2136 non
1067 2050 1161 2137 leve
1191 2049 1452 2158 conjecturae
1482 2047 1586 2140 huic

212 2186 331 2249 meac
359 2161 519 2275 pondus
551 2159 783 2261 accedere,
817 2159 945 2252 facile
977 2165 1148 2280 quisque
1176 2163 1329 2250 villet-
1461 2221 1466 2230 -

204 2328 208 2338 ·
326 2284 432 2364 XII.
505 2276 589 2366 Sed
621 2305 672 2362 ne
705 2305 786 2389 ego
817 2286 984 2391 ineptus
1013 2279 1103 2364 sum
1132 2345 1152 2383 ,
1185 2274 1341 2394 quide
1382 2277 1587 2367 Tralliani

210 2393 338 2504 Jovis
367 2399 627 2505 cognomine
658 2409 745 2476 tam
782 2396 929 2478 multis
958 2394 1164 2509 disputo,
1193 2421 1291 2478 cum
1326 2392 1446 2480 illum
1482 2399 1590 2480 ΛΑ·

212 2507 435 2596 ΡΑΣΙΟΝ
455 2508 767 2596 Trallianorum
789 2513 909 2593 numi
927 2530 1073 2624 aperte
1090 2509 1333 2594 nominent?
1346 2514 1508 2596 Numus
1529 2507 1587 2596 ell

212 2628 260 2708 in
284 2618 453 2710 Musaeo
494 2625 740 2709 Britannico
768 2623 874 2734 (b),
902 2627 1014 2742 cujus
1043 2619 1215 2711 adversa
1248 2650 1344 2736 pars
1379 2621 1582 2712 senileom
1613 2631 1659 2708 (b)
1678 2625 1910 2694 noiomi-ee

206 2735 381 2824 exhibet
420 2759 650 2848 protomen
690 2737 877 2824 laureato
915 2747 1057 2854 capite
1088 2736 1327 2852 hujusmodi
1366 2766 1463 2824 cum
1503 2739 1587 2852 epi·
1613 2732 1739 2774 ΜΠ·

207 2879 337 2966 grape
354 2854 507 2944 ΖΕΥΣ
526 2853 945 2968 AaPA2102(*);
965 2883 1061 2970 pars
1080 2883 1182 2943 vero
1206 2847 1352 2938 aversa
1372 2851 1586 2938 Bacchum
1614 2845 1908 2925 (*)Vfflfflffl·

209 2967 394 3058 nudum,
419 2971 458 3059 u
484 2972 657 3054 stantem
687 2967 887 3080 profert,
914 2967 1066 3058 dextri
1097 2995 1200 3056 uvae
1239 2995 1483 3066 racemum,
1515 2963 1585 3051 fin.

210 3081 471 3167 Cantharum
499 3105 721 3196 gerentem
748 3079 816 3170 his
840 3091 958 3173 circa
981 3105 1105 3200 caput
1140 3085 1276 3168 literis
1302 3083 1586 3168 ΤΡΑΛΛΙΑ·

209 3195 375 3281 ΝΩΝ.
409 3197 545 3284 Habes
576 3203 711 3309 igitur
722 3261 747 3326 J
771 3199 884 3310 quod
912 3204 1058 3288 multis
1084 3195 1381 3314 quaerebamus
1406 3195 1587 3282 Trallia-

209 3317 253 3396 ni
280 3313 404 3422 jovis
434 3340 672 3424 cognomen
689 3323 708 3394 ς
739 3316 796 3398 At
830 3313 933 3428 quid
962 3345 1073 3402 nova
1104 3316 1209 3400 haec
1240 3337 1321 3398 vox
1353 3313 1583 3426 Aapaoeos,

1 3491 2 3506 n
49 3403 54 3414 ¹
159 3532 163 3540 Ι
208 3425 443 3536 atquehoc
468 3435 656 3538 primum
684 3433 729 3513 ln
760 3431 1033 3544 numo-quod
1062 3422 1585 3537 sciam,inventa,.quid

209 3546 384 3650 inquam·
417 3541 489 3628 fibi
524 3545 643 3629 vulti
676 3550 738 3628 An
761 3551 950 3656 regionis
981 3545 1127 3632 locive
1156 3545 1296 3655 ignoti
1326 3565 1485 3624 nomen
1505 3541 1583 3624 elil

210 3684 259 3740 an
286 3652 447 3766 duplici
481 3677 536 3767 ex·
563 3685 670 3747 voce
706 3659 990 3772 composltum
1022 3662 1210 3771 elogium
1230 3659 1244 3738 2
1264 3657 1423 3765 Jovem
1443 3649 1584 3764 Asiam

209 3797 413 3854 noveram
436 3769 555 3886 inne,
575 3801 671 3862 cum
699 3772 808 3888 apud
836 3777 1094 3892 Stephanum
1121 3772 1318 3882 legissem
1351 3768 1447 3881 (c):
1476 3769 1582 3883 Astus
1614 3789 1901 3880 (ostephnmme.

212 3884 450 3998 oppidulum
472 3895 625 3974 Cretae
654 3943 668 3990 ‚
696 3889 930 4001 Oppidanos
956 3889 1072 3999 Astus
1116 3902 1320 3972 uocatur·
1359 3885 1447 3968 Hae
1475 3882 1584 3966 enirn

208 4000 374 4088 nomine
397 4002 574 4112 Jupiter
605 4003 673 4090 ibi
697 4005 887 4106 colitur,
918 4003 1214 4116 &Templum
1251 3996 1375 4111 ‘Jouia
1403 3993 1496 4107 usti
1527 3993 1585 4112 est

207 4111 566 4228 antiqurfflmum:
608 4127 664 4207 At
705 4122 861 4233 Jovem
892 4121 1107 4232 Largium
1141 4143 1248 4202 nunc
1280 4118 1463 4230 primum
1511 4139 1585 4196 au·

207 4229 322 4316 dio.
355 4235 582 4328 Haimius‚
613 4241 686 4346 qui
726 4263 900 4322 numum
934 4239 1156 4348 vulgavit,
1185 4226 1306 4338 Asiae
1325 4231 1489 4338 Regem
1510 4253 1585 4311 vo·

209 4374 260 4430 ce
287 4345 358 4430 illa
389 4344 593 4458 designari
624 4354 778 4462 Jovem
808 4350 1078 4465 ,suspicatur
1107 4346 1211 4456 (d):
1243 4347 1340 4430 Non
1352 4339 1583 4451 fiarebbe..
1614 4363 1884 4452 (dinumerabo

197 4459 316 4575 forse
343 4457 382 4542 il
392 4459 629 4577 stgrnfiaado
652 4464 699 4548 di
721 4465 865 4578 questo·
889 4464 1039 4575 epireto
1066 4469 1158 4550 Reae
1174 4459 1323 4572 Astae3
1349 4453 1504 4566 perche
1524 4452 1585 4538 mi
1794 4479 1797 4486 ⁴

209 4575 379 4662 ricorde
406 4579 548 4664 d'aner
581 4581 714 4682 letto,
742 4581 813 4665 che
840 4577 1183 4693 Lorstgnifirana
1207 4577 1252 4659 in
1284 4574 1429 4682 lingua
1452 4574 1580 4653 Etru·

178 4693 275 4806 xscu
302 4694 413 4774 Rea
442 4688 621 4802 Signare
654 4696 759 4780 iAt
788 4695 953 4782 fallitur
985 4702 1050 4784 uir
1082 4692 1224 4780 doctus
1256 4741 1273 4764 ι
1291 4693 1360 4800 ΙΑο
1392 4690 1583 4798 primum

209 4805 390 5004 guidem
429 4835 580 4896 eorum
617 4806 728 4894 falsa¹
751 4815 903 4926 opinio
940 4811 998 4896 eit
1033 4815 1145 4922 ,qui
1178 4831 1231 4891 eo
1266 4801 1444 4891 Ausonii
1486 4823 1583 4884 ver·

231 4948 255 5004 ¹¹
287 4931 380 5028 (θ’
467 4957 470 4964 ’
1618 4957 1885 5044 (ciculanum.

360 5023 378 5039 ⁴*
390 5038 539 5126 Tertia
558 5036 693 5154 opima
712 5037 826 5126 denir
838 5039 1047 5156 spoliatur
1062 5030 1301 5124 Aremorius
1325 5037 1459 5120 Lars·
1484 5143 1534 5232 al·
1563 5106 1566 5116 .

577 5183 586 5214 s
1181 5205 1186 5214 „
1524 5169 1587 5238 ω,
