4552 6504
755 835 2114 872 nun—W

745 942 869 1030 reret,
900 922 1023 1037 idque
1052 922 1324 1038 difficilimum
1352 923 1481 1038 nissum
1511 918 1598 1036 st·
1632 919 1713 1004 Sed
1741 917 1794 1004 de
1820 920 1892 1005 hoc
1928 934 1978 1003 tu
2015 913 2126 1000 nide-

747 1038 843 1122 ris.
879 1045 1067 1148 Ignotum
1099 1041 1189 1124 erat
1226 1067 1367 1124 nomeu
1403 1035 1609 1144 Pu'cruli,
1641 1044 1759 1147 quem
1791 1035 1965 1120 Phocum
1986 1027 2128 1141 appel·

750 1153 867 1238 loni.
899 1155 986 1238 Hoc
1006 1152 1059 1246 θ
1101 1159 1305 1240 Graecum
1330 1153 1387 1267 est
1418 1213 1431 1258 ‚
1462 1154 1557 1251 tp,
1590 1152 1697 1264 quod
1728 1150 1897 1236 minime
1926 1147 2130 1256 ignoras,

751 1268 961 1378 cognitum
988 1263 1081 1352 illis
1104 1269 1353 1379 temporibus
1376 1323 1392 1368 ,
1419 1268 1473 1364 Θ
1500 1271 1547 1352 in
1581 1267 1653 1379 orsu
1674 1263 1848 1380 sortaffe
1875 1263 1985 1372 opud
2021 1260 2126 1345 illu·

738 1380 849 1500 stres
881 1383 1019 1466 viros.
1052 1386 1120 1470 Ad
1147 1384 1283 1498 u'ersus
1319 1386 1425 1496 quod
1452 1383 1636 1474 attinet,
1665 1385 1734 1466 hos
1760 1379 1974 1490 ‘jamdicos
2007 1375 2128 1487 epe.-

753 1497 1035 1612 quis-ueget?
1066 1503 1180 1587 Nam
1206 1497 1261 1593 dr
1273 1499 1446 1613 stylus,
1475 1499 1551 1614 qni
1576 1497 1740 1606 'elegans
1771 1492 1863 1608 est,
1892 1491 1948 1585 &-
1978 1489 2128 1577 nerbo-

754 1639 848 1698 rum
874 1631 976 1724 apta
1011 1612 1241 1725 dispertio,
1272 1613 1611 1726 &conformatio
1636 1635 1790 1724 omnem
1810 1607 1982 1722 pror'sus
2002 1602 2127 1690 dubi-

754 1728 957 1819 tationem
990 1732 1144 1813 tollit·
1179 1731 1302 1814 Pedes
1332 1729 1410 1841 qui
1445 1729 1695 1816 adhibentur
1719 1726 1776 1810 ad
1809 1722 2024 1836 ‘Jamhicos
2052 1721 2126 1831 se·

753 1843 893 1926 uarios
920 1843 1075 1951 plures
1111 1847 1217 1955 scrut
1253 1845 1271 1952 (
1303 1841 1444 1954 europe
1481 1843 1682 1956 ‘Jambum
1705 1853 1710 1866 '
1721 1841 1898 1951 pedibus
1936 1836 2123 1920 omuibus

755 1982 1033 2056 communem,
1063 1981 1188 2073 atque
1207 1960 1253 2044 iu
1270 1953 1471 2072 postrema
1502 1955 1762 2071 ueccffarium
1784 1957 1804 2065 )
1823 1950 2028 2037 nonenim
2046 1947 2136 2063 res·'

743 2088 886 2184 puuut
908 2071 954 2156 iu
971 2073 1141 2181 primo,
1174 2076 1334 2176 tertio,
1364 2101 1411 2159 uc
1432 2069 1576 2187 quinto
1596 2067 1705 2184 pede
1731 2069 1960 2181 spondaeos
1979 2119 1992 2165 ‚
2010 2063 2126 2149 Aria·

739 2183 943 2302 puellos,
977 2189 1226 2276 Tribrachos
1258 2245 1273 2292 ‚
1306 2207 1380 2275 aut
1409 2189 1606 2298 Dallylos
1638 2185 1914 2273 ·1nteraalla
1952 2179 2124 2266 meritus

737 2303 837 2418 sum
869 2300 1125 2410 diligenter,
1156 2303 1209 2398 &e
1243 2333 1293 2388 erc
1319 2301 1408 2406 iis,
1434 2333 1541 2419 quoe
1563 2304 1694 2390 adhuc
1723 2318 1975 2396 remanent,
2006 2297 2123 2380 litte·

750 2416 862 2503 rulis
890 2419 1143 2527 compertum
1167 2416 1270 2502 mihi
1283 2418 1403 2534 suit,
1442 2445 1587 2505 nonem
1617 2438 1692 2502 aut
1724 2418 1860 2501 decem
1880 2411 2052 2498 litteras
2074 2410 2122 2494 in

635 2620 639 2627 ,
749 2553 929 2648 quatuor
948 2533 1103 2642 primis
1139 2523 1559 2644 verstbus'deliderari
1573 2589 1588 2636 ,
1617 2533 1663 2616 iu
1683 2529 1830 2646 quinto
1858 2555 2034 2624 uorem,
2057 2525 2128 2610 nel

749 2643 868 2756 0⁶703
899 2665 1077 2758 quatuor
1107 2677 1201 2734 nero
1236 2649 1304 2732 uel
1325 2646 1540 2762 quinque,
1572 2647 1619 2733 in
1637 2648 1788 2763 sento,
1820 2669 1926 2758 quoe
1953 2641 2126 2738 omnio,

746 2777 800 2848 ut
820 2761 976 2870 potui,
1002 2765 1166 2874 explere
1191 2765 1363 2848 curaui.
1396 2771 1463 2851 Tu
1490 2759 1664 2848 iuterim
1686 2761 1850 2847 neniam
1878 2753 2126 2868 dobis,1st·

635 2947 638 2953 ,
748 2875 845 2960 dare
873 2879 906 2958 O
932 2875 1035 2961 time
1062 2931 1078 2977 s
1091 2877 1142 2990 st
1174 2874 1278 2992 quid
1300 2873 1436 2966 miuus
1465 2897 1561 2990 apte
1587 2879 1741 2990 egimus
1767 2873 1816 2960 iu
1847 2903 1895 2962 re
1928 2873 2121 2973 ineerta,

748 2996 802 3082 (r
828 2989 875 3071 oh
895 3017 1028 3086 eura,
1055 3021 1160 3104 quae
1190 2992 1475 3080 litteratorum
1496 2995 1705 3082 homiuum
1727 2991 1897 3104 iugenio
1924 2983 2121 3072 hodiernus

747 3104 1003 3215 defmiganiu
1032 3165 1043 3189 .
1077 3113 1296 3194 Caeterum
1324 3111 1421 3193 haec
1465 3111 1684 3226 Inscriptio
1726 3105 1835 3191 nihil
1873 3103 1992 3188 aliud
2030 3119 2123 3202 ‚ut

749 3240 845 3306 reor
867 3287 881 3324 ‚
907 3245 977 3304 nos
1010 3221 1154 3322 docet,
1180 3221 1261 3336 nist
1290 3223 1397 3337 quod
1426 3229 1535 3312 Puer
1561 3221 1635 3336 iste
1661 3216 1813 3308 adierit
1840 3219 2125 3332 imperante.»

750 3333 973 3434 Heraclio,
1012 3335 1066 3429 ρ)ΞΟ
1100 3344 1323 3423 Rauennae
1353 3342 1632 3426 Euarchotum
1661 3353 1829 3448 regente
1852 3328 2020 3449 ·'lsoucio
2047 3337 2121 3417 Pa·
2258 3413 2259 3436 e

750 3446 907 3572 tricia,
941 3449 1127 3536 alanno
1145 3451 1319 3570 scilicet
1343 3459 1581 3564 Reparatur
1597 3452 1759 3539 Salutis
1782 3457 1834 3540 61
1842 3485 1883 3566 9-
1911 3451 1966 3536 ad
1989 3453 2124 3553 642·s

753 3591 832 3680 quo
841 3564 953 3676 sone
978 3584 1161 3677 tempore
1195 3568 1372 3685 Iseoarius
1402 3571 1531 3658 Pueri
1554 3577 1731 3656 Patruus
1761 3567 1970 3654 Euarchus
2001 3561 2127 3679 fuir.

749 3687 884 3768 ¹Porro
907 3683 978 3764 hac
1004 3682 1110 3766 idern
1146 3687 1439 3808 Fragmentum
1467 3691 1625 3804 refert,
1661 3707 1709 3769 ut
1743 3679 1843 3795 nosti
1857 3739 1871 3788 2
1890 3677 2126 3772 Beruardus

752 3797 810 3883 de
836 3798 1109 3904 Moutflrncon
1139 3795 1185 3881 iu
1209 3801 1359 3887 Diario
1399 3803 1550 3888 Italico
1580 3821 1670 3912 cap.
1694 3831 1734 3906 7.
1763 3799 1846 3886 Sed
1877 3852 1893 3898 s
1923 3795 2006 3907 nisi
2030 3791 2131 3909 quid

759 3937 823 3991 me
838 3907 999 4018 follit,
1034 3913 1338 4000 hallucinatum
1361 3934 1468 4028 puto
1497 3921 1568 4004 hoe
1608 3919 1654 4002 in
1686 3917 2129 4026 loco'prueproperurn
2257 3965 2258 3972 κ

760 4023 1009 4144 Victorem.
1041 4029 1249 4142 Quomodo
1277 4029 1384 4118 euim
1418 4034 1623 4144 inprime
1653 4031 1771 4152 uersu
1810 4034 1965 4128 aduam
1998 4026 2133 4135 legit,

755 4163 838 4228 uau
863 4141 998 4236 etun·
1032 4149 1083 4228 ln
1101 4143 1286 4256 secundo
1309 4153 1472 4244 μελιῗτω
1508 4171 1652 4236 cantra
1680 4145 1872 4263 flambicr'
1904 4144 2044 4260 uersus
2073 4136 2131 4222 lt·

753 4279 884 4383 gem,
917 4255 993 4366 qui
1019 4258 1218 4368 {iambum
1245 4256 1322 4345 libi
1349 4257 1533 4374 postulat
1557 4267 1603 4350 iu
1620 4261 1826 4377 postremo
1847 4261 1955 4372 pede
1977 4261 1993 4343 ἓ
2025 4263 2133 4345 Iso-s

754 4387 900 4496 querito
923 4368 1067 4484 desunt
1089 4375 1336 4486 fragmenta
1363 4378 1538 4465 duorum
1565 4381 1837 4477 litterarum,
1875 4395 1923 4463 ut
1950 4387 2129 4486 apparet

755 4511 805 4566 esc
835 4489 1045 4597 αρχετύπῳ
1066 4537 1091 4568 ι.
1110 4487 1225 4570 Haec
1255 4494 1432 4578 Graecos
1461 4494 1599 4610 uersus
1616 4489 1870 4603 respiciunt·
1896 4492 2033 4576 Plura
2064 4515 2128 4570 ue·
2256 4505 2257 4508 ‘

752 4627 802 4686 ro
832 4598 877 4680 iu
902 4601 1068 4685 Latinis
1094 4627 1341 4692 commentus
1374 4605 1426 4720 est
1449 4606 1812 4722 montfauconius,
1846 4635 1953 4721 quae
1974 4601 2134 4718 plausu

742 4708 920 4827 sartoffls
950 4716 1089 4823 excepi
1119 4741 1353 4830 nequeunt.
1372 4725 1578 4842 ,Quomodo
1606 4725 1713 4810 euim
1740 4726 1848 4807 uoles
1870 4719 2004 4808 vertit
2020 4719 2132 4804 sesso·

750 4825 841 4915 sum
866 4829 881 4909 2
915 4832 968 4912 Et
990 4831 1039 4915 in
1061 4850 1214 4945 quarta
1241 4835 1359 4950 uersu
1383 4871 1421 4926 os
1448 4839 1588 4924 reddit
1610 4847 1707 4953 quia
1735 4837 1750 4920 ἓ
1774 4841 1925 4952 Neque
1953 4833 2129 4930 aeroas,

751 4942 942 5044 eones-ds,
973 4947 1165 5060 rasuris,
1204 4949 1315 5036 nette
1352 4953 1617 5065 euplicaur't,
1654 4979 1738 5036 mea
1764 4955 1932 5068 quidem
1964 4945 2136 5053 judicia
2255 5021 2256 5042 e

745 5055 948 5172 harpias,
985 5061 1173 5152 liberulis
1199 5113 1215 5167 ,
1244 5065 1505 5166 mansuetus.
1535 5073 1679 5158 Petere
1715 5071 1840 5156 etium
1860 5061 2129 5292 lb‘ldsspff
2255 5059 2256 5070 ‘

2008 5205 2127 5264 umus
