4568 7398
522 711 524 719 ·
663 666 795 780 stum
829 669 883 824 iu
916 665 1147 784 Galliam
1180 664 1491 801 adveutum,
1525 676 1577 788 ἃ
1607 667 1884 790 Gallorum
1906 673 1960 786 in
1985 668 2188 788 Italiam

660 857 954 977 descensum
986 861 1258 1021 superent,
1286 863 1617 984 referantur.
1661 875 1742 982 At
1776 871 1892 1020 quis
1919 870 2185 984 hominem

658 1053 840 1196 decuit
869 1054 1123 1170 elementa
1155 1052 1243 1170 illa
1277 1057 1544 1178 Cadmaea
1572 1061 1746 1194 suille,
1778 1102 1876 1179 nec
1905 1060 2009 1176 alia
2047 1065 2188 1196 Cae-

655 1245 823 1368 sarem
856 1250 1128 1407 desrgnalle
1161 1291 1284 1366 cum
1316 1252 1494 1368 literas
1518 1296 1732 1411 graecas
1763 1299 1799 1394 a
1832 1261 2010 1379 Gallis.
2032 1245 2189 1374 usur-

653 1487 803 1608 patas
831 1453 1063 1612 scripsit,
1097 1457 1133 1572 st
1166 1500 1288 1574 vere
1307 1457 1545 1619 scripsit?
1576 1467 1833 1578 Veterum
1862 1457 2189 1610 Scriptorum

654 1649 855 1768 nullum
885 1647 1113 1807 profesto
1141 1649 1395 1806 proferet.
1436 1655 1579 1767 Nam
1615 1650 1755 1802 quod
1786 1647 1983 1767 efficere
2005 1649 2066 1764 id
2088 1689 2188 1764 ve-

653 1841 719 1955 lit
765 1905 791 1974 ,1
818 1847 1014 2004 etipsa·
1036 1845 1195 1978 rudi,
1238 1881 1395 1998 atque
1410 1843 1590 1996 jesana
1618 1843 1897 1960 literarum
1916 1845 2083 1958 forma
2112 1843 2184 1990 est

607 2065 609 2074 ’
655 2041 947 2155 mehercule
979 2083 1137 2196 quam
1176 2043 1545 2202 ineptiffimum
1569 2124 1600 2158 .-
1637 2045 1715 2157 Ut
1758 2005 1933 2155 autern
1964 2037 2183 2154 multa..

655 2240 928 2368 omittam,
961 2279 1091 2390 quae
1118 2229 1373 2399 disputari
1408 2279 1589 2360 contra
1621 2236 1850 2398 pellunt,
1883 2238 2021 2392 quod
2056 2279 2184 2352 nam

654 2436 852 2592 profert
886 2433 1153 2551 literarum
1196 2439 1409 2551 istarum
1455 2455 1895 2552 monumentum?
1932 2437 2023 2543 An
2057 2434 2183 2546 Nu·

527 2736 533 2747 ,
652 2669 795 2758 mos?
828 2647 908 2756 At
939 2639 1027 2768 hi,
1063 2671 1123 2752 ut
1153 2629 1696 2767 dixi,=R0mauorum
1732 2637 1786 2744 in
1816 2627 2050 2742 Galliam
2085 2626 2181 2742 ad-

433 2813 437 2821 *
650 2874 868 2954 ventum
911 2869 1077 2951 aetate
1123 2837 1426 2985 neutiquam
1482 2829 1763 2984 superant3
1791 2831 1843 2942 u
1873 2826 1911 2942 st
1937 2827 2184 2984 superent

648 3034 920 3152 Cadmaea
942 3014 1091 3149 ‘certe
1117 3070 1220 3144 non
1250 3025 1370 3144 sunt
1402 3033 1702 3144 Numerum
1724 3017 1930 3134 illorum
1952 3018 2183 3136 clemen·
2215 3123 2220 3133 .

648 3245 735 3330 taz
773 3257 878 3330 non
912 3218 1052 3330 enim
1087 3217 1354 3332 Cadmaea
1387 3216 1476 3344 R,
1510 3221 1561 3328 u
1595 3217 1679 3344 C,
1713 3211 1800 3326 sed
1829 3215 2178 3358 Latinorum,

507 3495 509 3498 -
648 3447 753 3520 non
778 3407 878 3536 X,
922 3403 1013 3521 seu
1054 3407 1160 3522 Ch.
1205 3421 1238 3519 a
1281 3407 1599 3536 Palamede,
1634 3439 1694 3520 ut
1725 3407 1886 3523 fertur
1926 3414 2178 3528 inventae

543 3671 547 3681 ·
648 3599 798 3718 brevi
832 3601 1112 3718 carasteres
1139 3643 1318 3720 omnes
1351 3605 1545 3723 Numis
1581 3603 1852 3762 inseripti,
1894 3607 1934 3722 fi
1971 3651 2182 3728 unum..

649 3819 742 3904 aut
778 3787 998 3909 alterum
1032 3803 1242 3958 excipas
1276 3805 1582 3922 Latinorum
1615 3803 1763 3924 sunt.
1787 3811 1866 3920 Ut
1896 3803 2022 3950 satis
2053 3851 2178 3965 pro·

646 3979 823 4100 babile
864 3986 1096 4104 censeam
1134 3989 1356 4122 Gallos,
1407 4000 1496 4146 qui
1546 3994 1751 4109 Italiam
1812 3996 1964 4106 toties
2010 3997 2179 4144 iutra-

647 4205 801 4304 runt‚
835 4209 941 4294 tam
972 4181 1074 4297 late
1111 4217 1420 4315 tenuerunt,
1453 4221 1598 4304 tanta
1636 4227 1757 4305 cum
1781 4191 2042 4309 Romania
2069 4195 2181 4352 iplia

531 4486 533 4492 ,
647 4365 703 4478 in
735 4365 913 4496 Latia,
944 4401 1097 4520 atque
1129 4371 1259 4492 adeo
1292 4382 1402 4532 ipsa
1436 4383 1494 4492 in
1526 4379 1654 4496 urbe
1685 4383 1857 4498 duella
1887 4385 2178 4521 bellarunt,

648 4553 929 4681 caratleres
962 4561 1015 4670 in
1047 4563 1193 4678 ltalia
1218 4559 1490 4728 accepisse,
1527 4608 1679 4726 atque
1698 4583 1752 4694 in
1770 4581 1973 4698 Gallias
1995 4587 2177 4742 aspor-

618 4845 620 4852 s
649 4741 804 4875 telier
832 4737 924 4860 ubi
958 4753 1205 4890 Celticis,
1241 4762 1390 4920 fiqui
1427 4771 1666 4904 fuerunt,
1691 4763 1945 4932 paulatim
1972 4781 2177 4898 obsole-

645 4932 720 5054 ¹tis
759 4933 988 5128 Romani
1036 4947 1283 5102 publice,
1324 4959 1676 5120 privatimque
1717 4967 1958 5129 usurpari
1994 4983 2173 5135 coepti

647 5119 784 5240 liuta
828 5135 1262 5323 quemadmodum
1298 5153 1536 5306 proximi
1582 5159 1637 5274 in
1684 5157 1929 5318 Hispania
1961 5163 2169 5315 ,sartum

2029 5361 2168 5481 {ruffe

1234 5865 1274 5944 Χ

262 6035 266 6042 .
1121 6049 1136 6090 s
2276 6101 2277 6120 χ
