4586 6506
746 593 891 812 Ι386
1098 667 1229 762 on
1331 656 1795 756 vorans

756 810 930 930 quidem
953 797 1044 920 ipsi
1068 812 1112 892 in
1127 792 1332 918 quadrato
1350 801 1463 911 cujus
1485 796 1591 882 latus
1620 799 1678 885 eli
1692 797 1831 912 pedu.
1852 799 1949 915 poll·
1953 828 1992 908 5·
2009 800 2135 914 paris.

761 945 1009 1018 excavatum
1023 922 1079 1010 eil
1097 922 1388 1031 Horologium
1404 978 1419 1016 ,
1435 911 1489 998 ad
1513 913 1701 1022 enctyma
1714 968 1728 1014 ,
1743 913 1809 1000 seu
1827 922 2066 1032 aequatoris
2082 922 2149 1002 in·

616 1055 618 1060 ’
763 1045 1042 1130 clinationem
1067 1033 1303 1134 succisum,
1321 1025 1508 1140 illudque
1524 1029 1773 1138 Hemicycli
1791 1027 1975 1142 figuram
2006 1034 2144 1117 imita·

764 1147 863 1246 tur·
884 1144 1094 1240 Vitruuii'
1115 1153 1242 1240 uerba
1260 1145 1408 1234 obiter
1438 1145 1478 1228 ἃ
1496 1133 1631 1230 velut'i
1658 1171 1735 1256 per
1749 1145 2010 1236 transennam
2038 1143 2145 1234 dieis

764 1267 1107 1387 paru-infeliciter
1121 1262 1347 1380 exposuere
1360 1255 1569 1376 quotquot
1592 1263 1798 1372 Magnum
1818 1261 1931 1348 bunc
1947 1265 2056 1350 artis
2075 1269 2150 1346 Ar·

766 1385 1079 1472 chiteeionicae
1093 1399 1311 1492 parentem
1330 1378 1603 1485 interpretati
1618 1365 1728 1474 sunt,
1742 1372 1882 1462 donec
1899 1407 2008 1466 anno
2031 1379 2144 1486 ¹746.

617 1579 619 1584 .
764 1531 816 1592 er
854 1503 1053 1612 antiquae
1081 1496 1221 1582 Villae
1262 1487 1486 1578 ruderibus
1520 1493 1567 1572 in
1595 1491 1748 1572 Monte
1782 1493 2020 1606 Tusculano
2052 1511 2144 1580 'eru-

759 1635 858 1708 tum
879 1611 977 1702 'suit
993 1631 997 1638 ·
1016 1609 1150 1697 fimile
1174 1608 1495 1719 Horologium,
1515 1600 1631 1716 quod
1660 1601 1895 1722 in'Musaeo
1922 1605 2148 1695 Kirkeria·

763 1757 821 1818 aa
848 1724 1135 1826 asservatum,
1165 1720 1391 1838 ingeniosi
1413 1714 1705 1829 explicatione
1739 1717 1917 1810 donavit
1942 1729 2013 1810 vir
2038 1725 2143 1810 Clar.

767 1837 1051 1933 Boscosikius
1069 1843 1254 1927 .Paucis
1283 1835 1374 1950 poll
1403 1835 1527 1918 annis
1545 1837 1771 1919 intentum
1795 1832 1877 1920 fuit
1901 1835 2149 1924 aliudsrmi·

673 1985 678 1995 ’
768 1957 823 2044 lis
851 1955 1074 2040 struiturae
1106 1953 1397 2066 Horologium
1424 1951 1473 2030 in
1494 1974 1603 2062 agro
1621 1951 1818 2064 Romano
1852 1951 1969 2064 quod
1996 1953 2145 2038 reilau·

770 2093 911 2160 ratum
945 2067 1096 2182 suoque
1124 2065 1273 2154 indice
1311 2063 1550 2150 instructum
1585 2115 1602 2164 ,
1634 2068 1682 2148 in
1705 2061 1879 2152 Musaeo
1894 2068 2142 2180 Capitolino

765 2187 891 2271 horas
923 2181 1214 2271 demonstrat·
1239 2180 1337 2268 Alia
1355 2176 1509 2266 deinde
1531 2173 1770 2292 hujusmodi
1796 2181 2042 2294 Horologia
2064 2181 2145 2267 duo

637 2295 641 2304 ’
764 2299 930 2387 deseos
960 2297 1081 2384 suere
1112 2317 1298 2413 quorum
1333 2319 1462 2380 unum
1490 2295 1690 2394 Romae,
1716 2293 1897 2380 alterum
1914 2297 2077 2382 Tibure
2090 2301 2143 2381 'in

765 2418 957 2530 priuatis
986 2411 1158 2500 aedibus
1190 2412 1455 2499 servantur.
1497 2406 1690 2520 Jundem
1732 2409 1848 2495 inter
1877 2409 2141 2495 Herculanae

762 2531 897 2618 Urbis
912 2547 1187 2614 monumenta
1205 2532 1379 2634 T'om·3.
1394 2521 1656 2610 describitur
1667 2520 1850 2636 ejusdem
1875 2523 2145 2610 construeiio·

762 2649 829 2730 nis
859 2641 1144 2754 Horologium
1163 2700 1173 2722 ·
1189 2645 1337 2756 Neque
1354 2645 1490 2726 etiam
1509 2636 1611 2724 huic
1631 2639 1774 2724 nostro
1796 2637 1992 2726 diffimile
2022 2640 2146 2724 vide·

766 2778 838 2844 tur
869 2754 986 2840 aliud
1003 2755 1119 2868 quod
1135 2756 1317 2844 Athenis
1332 2761 1378 2839 in
1396 2753 1579 2865 ejusdem
1600 2755 1811 2840 Civitatis
1831 2780 1928 2840 arce
1957 2758 2144 2867 propriis

764 2869 898 2958 oculis
923 2869 965 2955 se
982 2869 1215 2958 observasse
1227 2869 1357 2957 refert
1387 2874 1441 2952 D.
1462 2867 1503 2950 le
1521 2865 1603 2952 Roi
1634 2873 1678 2952 in
1702 2894 1832 2983 opere
1850 2895 1863 2954 t
1879 2871 1929 2956 dr
1944 2867 2139 2983 illustria·

759 2984 878 3073 ribus
916 2985 1067 3071 ueteris
1108 2983 1317 3071 Graeciae
1340 2981 1559 3070 ruderibus
1585 3008 1598 3069 r
1621 3011 1672 3070 ex
1699 2984 1779 3096 qui
1822 2992 2144 3082 enumeratione

762 3097 1028 3212 intelligitur
1070 3103 1184 3185 intra
1216 3125 1369 3212 paucos
1406 3124 1535 3182 annos
1577 3099 1771 3211 publicae
1803 3098 1894 3188 luci·
1925 3099 2143 3188 restitue,

761 3211 884 3304 fuisse
912 3209 1074 3324 septem
1106 3215 1225 3328 hujus
1250 3217 1471 3300 strur‘lurae
1499 3214 1741 3325 Horologia
1766 3215 1868 3328 quae
1890 3216 2143 3326 abantiquis
2287 3225 2288 3235 '

761 3327 1033 3442 temporibus
1062 3328 1147 3416 alte
1181 3325 1334 3441 sepulta
1364 3329 1573 3437 jacuerant
1608 3384 1619 3408 .
1651 3329 1771 3444 Quae
1795 3352 1891 3416 cum
1935 3337 2001 3416 ita
2033 3325 2144 3432 stnt,

743 3586 849 3646 ‚non
879 3555 1138 3644 tradiderint
1169 3561 1366 3644 Vitruvii
1394 3560 1650 3667 interpretes
1669 3621 1686 3658 ,
1704 3559 1857 3668 qulbus
1889 3556 2138 3643 instrumen-

764 3687 858 3758 tum
887 3669 1157 3780 illudoculis
1183 3668 1377 3784 usurpare
1407 3667 1552 3754 datum
1578 3697 1663 3754 non
1700 3669 1758 3758 est
1785 3701 1806 3778 3
1833 3675 1926 3757 imb
1946 3701 1998 3757 ex
2032 3675 2137 3756 anti·
2285 3709 2286 3754 r

697 3857 700 3864 .
794 3785 976 3870 uloribus
1008 3777 1314 3900 interpretibus
1337 3787 1519 3870 invenio
1550 3786 1715 3896 aliquos
1746 3787 1819 3896 qui
1847 3815 1902 3871 ne
1940 3785 2025 3898 ipsa
2048 3789 2137 3898 qul·

761 3815 863 3986 dem
897 3903 1093 3986 Vitruvii
1119 3901 1246 3987 verba
1271 3899 1417 4012 legere
1443 3919 1596 3984 norunt
1629 3897 1860 4000 accurate,
1888 3904 1925 3988 8(
1953 3928 2138 3988 nomena

762 4010 942 4110 irruatur
973 4012 1088 4128 quod
1121 4043 1247 4101 unum
1273 4013 1371 4106 est,
1399 4017 1444 4096 in
1470 4009 1554 4096 duo
1590 3999 1631 4101 ἕν
1660 4021 1801 4107 abiar.
1836 4020 1988 4129 partiti
2016 4013 2131 4098 sunt.

762 4149 889 4242 atque
915 4133 979 4221 ita
1004 4133 1204 4216 Audioris
1231 4125 1388 4216 sensum
1420 4131 1598 4213 omnino
1618 4131 1946 4241 perturbarunt.
1979 4130 2138 4216 Verirm

763 4241 1106 4356 grammaticales
1143 4273 1310 4332 errores
1340 4242 1530 4354 hicnon
1562 4270 1747 4342 moror,
1794 4247 2139 4333 Gnomonicant..
2283 4265 2284 4272 '

761 4353 895 4442 nostri
932 4357 1169 4472 Horologii
1200 4359 1440 4444 lirudiuram
1467 4355 1661 4473 usumque
1687 4359 1899 4471 explicare
1918 4363 2017 4446 satis
2039 4365 2143 4454 erit,

614 3546 616 3551 s
760 3449 924 3532 mirum
952 3441 1116 3552 nonest*
1140 3442 1253 3558 quod
1281 3444 1504 3556 genuinam
1530 3441 1629 3526 talis
1647 3442 1870 3554 horologii
1903 3441 2139 3542 strudiuram
2286 3465 2287 3497 ¹

731 4555 733 4558 ,
861 4471 1037 4584 'ltaque
1072 4473 1300 4586 Horologii
1341 4469 1519 4582 figuram
1559 4471 1744 4584 primum
1793 4473 2146 4587 repraesentabo,
2282 4481 2283 4545 l

766 4573 1020 4698 fingulasque
1054 4587 1170 4672 illius
1201 4609 1342 4703 partes
1370 4614 1422 4672 ex
1448 4583 1601 4674 ordine
1627 4583 1888 4676 describam.
1920 4593 1984 4674 Εἰ(
2028 4594 2147 4674 Mar·

763 4721 886 4783 more
906 4697 1029 4826 'quod
1060 4701 1234 4788 Parium
1259 4700 1403 4786 dicunt
1432 4753 1448 4801 2
1475 4725 1668 4813 paratum
1693 4703 1751 4786 est
1782 4701 1866 4788 hoc
1898 4703 2145 4788 instrumen-

764 4830 885 4912 tum,
916 4837 1038 4927 arque
1067 4821 1112 4900 in
1140 4815 1223 4902 hoc
1255 4813 1403 4902 differu
1429 4819 1653 4904 acaeteris
1684 4845 1786 4934 quae
1814 4817 2036 4906 Romae&
2064 4817 2146 4902 Ti·
2280 4893 2281 4896 a

761 4927 864 5038 bure
898 4929 1386 5046 visunturborologiis3
1415 4932 1503 5015 sunt
1535 4935 1726 5020 enimes
1769 4933 1931 5044 uulgari
1971 4929 2143 5046 lapide.

762 5039 961 5142 Dimidia
976 5046 1069 5167 plur
1087 5075 1213 5165 quiam
1251 5068 1382 5165 parte
1416 5043 1574 5139 saluum
1608 5032 1892 5162 insauulnque
1913 5069 2149 5246 emilrdg
