4568 7398
432 612 604 784 II.
655 669 745 782 Ar
767 661 893 780 illud
921 601 1043 788 sane
1074 667 1267 782 mirum¹
1290 667 1517 824 Augusti
1542 652 1806 796 Numosa
1834 590 1930 796 Tit¹

433 859 644 1052 'aliisque
681 863 936 1006 Restitutos
968 861 1143 974 uirum¹
1173 859 1403 978 donum
1416 863 1857 1012 commemorasse,
1882 925 1933 996 ne

433 1043 534 1204 que
546 1057 1051 1172 animadvertille”
1017 1099 1078 1170 ns
1107 1053 1225 1208 ipsis
1257 1061 1603 1208 conjeCluram
1637 1069 1780 1188 suam
1815 1075 1935 1190 infir

433 1257 593 1383 mari,
629 1257 831 1406 quibus
843 1256 1243 1412 probabiliorem
1274 1263 1420 1377 reddi
1454 1267 1709 1421 putabat.
1743 1268 1936 1384 Numil

432 1483 573 1566 mata
601 1457 738 1566 enim
770 1453 952 1584 illm&
984 1431 1321 1600 Restitutionir
1339 1463 1441 1585 5&
1473 1464 1781 1606 Restitutoris
1811 1483 1938 1618 aper·

434 1630 547 1762 tuor
571 1646 836 1800 proferunt
869 1657 1237 1772 testimonium:
1270 1656 1410 1812 leges
1436 1657 1543 1772 illic
1575 1701 1625 1776 v.
1640 1699 1692 1812 g.
1715 1655 1936 1773 TITUS

436 1835 640 1952 REST.
671 1839 1198 1959 DOMITIANUS.
1223 1841 1429 1958 REST.
1471 1878 1525 1958 at
1554 1845 1768 1962 'nullum
1801 1893 1941 2002 nequ

437 2032 498 2144 in
527 2031 725 2160 nostro,
760 2074 927 2184 neque
963 2037 1015 2149 in
1052 2034 1160 2150 aliis
1186 2019 1462 2152 Gallorum
1494 2039 1684 2154 Numis
1718 2053 1740 2182 (
1749 2081 1869 2152 nam
1903 2041 1943 2155 d.

436 2228 501 2342 iis
545 2227 699 2344 idem
731 2229 936 2384 prorsus
971 2229 1112 2342 dicas
1140 2227 1344 2362 velim,
1373 2230 1529 2382 xquod
1566 2231 1629 2341 de
1664 2219 1944 2378 Orgetorigr

433 2429 619 2544 Numo
647 2426 843 2559 statuo)
862 2421 1061 2537 nullum
1085 2425 1299 2574 inquam
1318 2421 1652 2568 Restitutionis
1687 2416 1935 2562 indicium

436 2611 591 2764 'quod'
615 2643 785 2722 tamen
819 2647 919 2722 non
953 2605 1468 2762 praetermittendum
1500 2606 1815 2728 videbatur.
1851 2615 1947 2726 Ne·

432 2835 540 2959 *que
580 2843 705 2920 vero
738 2835 963 2956 opponat
1000 2796 1298 2914 Gallienum
1336 2809 1718 2954 Imperatorem¹
1749 2797 1976 2914 decesso..

431 3021 560 3114 rum
590 2993 799 3109 suorum
824 2998 1028 3106 Numos
1061 2993 1324 3106 dnoasuero's
1353 2991 1512 3107 ¹causa
1546 2997 1798 3147 perculsos
1820 2993 1950 3104 resti·

438 3183 624 3326 'tuille5
669 3191 793 3339 quin
808 3182 1047 3298 ullum
1032 3231 1086 3300 1n
1122 3192 1192 3305 iis
1226 3193 1563 3334 restitutionis
1596 3179 1850 3301 indicium
1876 3187 1977 3344 ap]

431 3423 679 3553 poneret:
705 3424 838 3538 nego
853 3383 992 3494 enim
1019 3379 1225 3498 Numos
1245 3381 1361 3495 illos
1386 3377 1644 3526 Restituam
1667 3385 1872 3536 proprie
1890 3425 1976 3540 ap

431 3585 615 3744 pellari
638 3579 800 3736 polle,
833 3573 971 3726 quod
992 3608 1108 3687 ante
1132 3580 1218 3751 me
1251 3572 1391 3688 vidit
1419 3575 1955 3695 Bimardius<>.Ga1·

427 3778 603 3896 lienus
644 3823 745 3892 non
794 3774 928 3928 ipsos
972 3783 1311 3898 Nummum,
1356 3805 1416 3885 ut
1455 3784 1644 3919 ajunt,
1690 3781 1844 3926 Typos
1883 3811 1977 3882 re·

430 3981 635 4102 stituit,
669 3970 757 4084 sed
792 3971 1168 4126 Imperatorum
1202 3985 1433 4074 ἀποθέωσιν
1469 3964 1661 4078 Numis
1695 3953 1959 4115 exprellrt,

432 4205 495 4286 ut
526 4171 691 4283 cuivis
726 4173 929 4284 Nurnos
963 4165 1074 4322 illos
1116 4147 1408 4322 inspicienti
1462 4161 1800 4276 manifestum
1828 4159 1960 4276 erit.

426 4355 534 4471 Se'd
569 4359 647 4470 his
686 4357 875 4473 omiffis
899 4357 1042 4470 illud
1080 4364 1357 4474 videamus*
1385 4401 1450 4472 an
1486 4355 1710 4513 Helverii
1746 4351 1962 4468 Caesare

425 4529 490 4656 in
516 4544 703 4660 Galliis
734 4585 995 4704 pugnante
1018 4592 1228 4706 graecas
1256 4553 1617 4707 usurpaverint
1649 4519 1856 4672 literas‚·
1873 4543 1963 4654 ubi

419 4743 570 4860 enim
595 4743 693 4852 hoc
723 4741 1042 4868 concesseris,
1068 4741 1377 4856 adulterinos
1397 4743 1490 4856 effe
1513 4751 1815 4888 Orgetorigis
1849 4745 1965 4856 Nu*

317 5064 320 5080 ‚
414 4926 563 5051 '111'os
580 4929 828 5082 legitime
852 4932 1148 5098 conclusum
1181 4941 1253 5050 est
1285 4979 1370 5050 me
1405 4938 1611 5090 judice
1743 4949 1746 4954 ’

426 5127 604 5245 -.ΙΙΙ
658 5125 943 5247 Helvetios
977 5089 1285 5277 Orgetorigis
1334 5153 1513 5240 aetate
1557 5160 1738 5278 graece
1767 5123 1965 5240 locutos

1767 5321 1962 5436 multo-
