4568 7398
1934 483 1937 606 l

476 695 815 851 ‘eamdemque'
854 737 974 818 curn
1008 695 1152 818 leone
1185 701 1562 856 videbamnon
1592 702 1805 859 ephestis
1843 743 1891 812 m
1934 753 1937 804 t

478 893 533 1010 in
568 889 881 1020 stmulacris,
903 889 999 1004 sed
1033 895 1087 1006 in
1123 895 1452 1014 vetustiffimri
1483 899 1641 1012 etiam
1665 893 1880 1050 Cypseli
1934 939 1937 1007 ι

478 1081 540 1196 ci
577 1080 717 1235 apud
754 1057 1162 1210 Pausaniamffl:
1185 1101 1305 1237 jam
1338 1101 1455 1206 aero
1475 1095 1733 1223 Dianam,
1753 1135 1894 1244 ¹quon
1934 1145 1937 1202 ι

479 1314 584 1387 rem
616 1279 853 1400 volucrem
890 1280 1117 1422 fecerint
1162 1323 1259 1402 non
1283 1285 1451 1428 streile
1497 1291 1754 1421 dixerim,
1797 1304 1937 1410 han*

480 1474 593 1594 alae
624 1501 751 1600 certe
783 1473 1066 1624 applicatae
1095 1465 1249 1620 firnt,
1282 1473 1486 1592 dextera
1520 1485 1807 1608 Pardalim,
1846 1492 1897 1598 al
1934 1531 1937 1594 ε

482 1667 803 1786 LEONEM
824 1697 979 1782 teret.
1016 1665 1133 1794 Nee
1164 1660 1395 1820 Dianam
1440 1657 1654 1781 dedecet
1697 1670 1880 1798 nitra,
1934 1671 1937 1780 l

480 1857 762 1989 diadema,
793 1892 855 1978 ut
885 1857 952 1974 ab
986 1857 1105 1972 aliis
1135 1867 1241 2008 jam
1276 1858 1694 1980 animadversum
1727 1867 1901 1988 estQ).

488 2105 492 2112 ’
561 2061 713 2174 XVI.
796 2059 876 2166 At
911 2054 1040 2188 haec
1070 2053 1393 2196 conjediurae
1432 2091 1644 2188 merae3
1685 2053 1815 2170 illud
1849 2102 1937 2174 mr

482 2242 824 2376 medubium
859 2241 1136 2380 Gallorum
1172 2251 1226 2362 in
1261 2252 1456 2364 Numis
1488 2291 1680 2400 equum
1702 2253 1937 2406 lreqtien:

482 2445 605 2570 fitne
639 2439 903 2567 exhiberi,
927 2436 1012 2552 vel
1037 2440 1205 2589 quod,
1231 2443 1399 2592 inquit
1422 2415 1900 2581 Bouterovius(¹³),
1934 2493 1937 2556 τ

482 2637 669 2756 billum
700 2673 951 2791 equorum
985 2635 1132 2752 ferax
1166 2631 1286 2750 esset
1311 2632 1486 2749 Gallia
1511 2681 1529 2768 3
1576 2639 1661 2756 vel
1695 2640 1834 2794 quod
1865 2637 1937 2755 bl

479 2831 583 2948 eost
617 2829 783 2944 forent
815 2826 995 2961 Galli,
1035 2835 1167 2945 'bello
1205 2838 1337 2970 erim
1372 2869 1630 2952 armantur
1666 2845 1814 2986 eqni:
1857 2836 1937 2986 eag

481 3020 550 3135 de
583 3007 741 3135 causa
774 3017 944 3132 Marti
985 3015 1244 3133 Bellorum
1279 3018 1496 3174 praefidi
1530 3019 1671 3136 sacer
1706 3026 1912 3180 apud(

480 3217 559 3342 los
590 3255 752 3366 equus
782 3210 916 3328 fuit.
937 3189 1250 3359 ¹Utrumque
1278 3208 1400 3351 latis
1432 3210 1813 3366 probabiliter,
1860 3251 1913 3332 at

480 3411 580 3532 lud
608 3409 818 3526 omnino
847 3402 1071 3546 falsum,
1098 3405 1246 3555 quod
1279 3409 1453 3546 addit,
1476 3410 1687 3545 Gallos,
1716 3450 1838 3528 cum
1857 3455 1937 3565 eq.

482 3609 589 3730 stne
622 3614 874 3742 habenis,
909 3643 1064 3766 atque
1094 3611 1318 3728 inermes
1348 3616 1539 3730 Numis
1571 3616 1674 3734 suis
1703 3619 1937 3736 caelaban

481 3807 675 3929 liberos
706 3807 794 3941 se,
832 3843 985 3963 atque
1017 3809 1219 3923 externi
1258 3805 1465 3962 imperii
1490 3878 1509 3934 ,
1532 3849 1878 3962 nequaquam
1912 3857 1937 3967 r:

484 4005 672 4124 tientes
694 4002 955 4119 ostendere
978 4002 1222 4121 voluisse.
1253 4005 1545 4134 Caeterum
1579 4045 1679 4117 non
1714 4008 1855 4161 apud
1875 4015 1937 4126 G:

486 4206 583 4330 los.
610 4207 931 4368 dumtaxat,
967 4203 1057 4324 sed
1097 4203 1222 4326 alias
1257 4207 1415 4324 etiam
1455 4207 1597 4366 apud
1629 4243 1810 4366 gentes
1836 4249 1922 4482 ἕλῃ

492 4515 1937 4558 w.

487 4651 493 4656 ,
543 4575 646 4674 (13)
705 4618 736 4662 „
774 4567 831 4648 Le
859 4563 1015 4648 Cheval
1042 4558 1198 4646 e'toitla
1219 4591 1385 4672 marque
1414 4569 1569 4672 presqu’
1591 4567 1795 4650 ordinaire
1821 4569 1891 4649 des
1917 4596 1937 4648 n

346 4745 348 4774 ;
416 4697 420 4704 ’
486 4735 523 4785 ,‚
556 4710 680 4789 noyes
701 4683 896 4778 Gaulois‘,
916 4705 971 4764 ou
998 4705 1102 4788 pour
1127 4702 1313 4766 montrer
1343 4708 1422 4790 que
1455 4684 1545 4764 leur
1564 4687 1647 4788 paj'r‘s
1675 4679 1775 4766 e'toit
1798 4685 1926 4767 fertile

346 4797 349 4812 '
484 4856 528 4904 „2
556 4805 653 4886 bons
679 4807 860 4886 cheraux
882 4827 896 4904 3
919 4826 972 4882 ou
994 4825 1073 4907 que
1093 4800 1131 4881 le
1150 4801 1293 4908 peuple
1314 4793 1415 4882 e'toit
1440 4795 1558 4904 porte'
1579 4803 1600 4880 a
1625 4801 1664 4882 la
1686 4825 1937 4904 guerreaca

346 4959 351 4990 ι
428 4963 429 4966 ¹
483 4971 520 5034 „
551 4945 630 5030 que
654 4922 696 5002 le
724 4920 866 5004 cheval
895 4943 944 5000 en
975 4910 1077 5002 e'toit
1104 4917 1144 4999 le
1174 4917 1396 5020 symbolo:
1431 4913 1530 5002 bello
1555 4939 1761 5002 armantur
1792 4918 1878 5030 equi
1893 4948 1905 5002 ε
1934 4981 1937 5004 .

486 5092 524 5144 „
558 5039 598 5124 tr
631 5063 732 5146 pour
770 5065 819 5123 ce
852 5033 953 5144 sujet
982 5037 1039 5118 let
1080 5035 1248 5126 ,Gaulois
1293 5036 1573 5118 consecroient
1604 5035 1696 5116 leur
1732 5044 1916 5121 chevaux

346 5151 350 5190 ²
396 5220 403 5230 .
486 5189 525 5258 ,,·
554 5159 666 5275 Mars
684 5197 754 5246 .·..
784 5181 885 5263 pour
917 5155 958 5237 le
979 5155 1138 5244 cheval
1158 5171 1329 5238 content
1352 5153 1437 5238 sans
1464 5154 1613 5245 bride,
1638 5154 1679 5238 dt
1709 5155 1793 5238 sans
1822 5184 1937 5254 wconv*

346 5263 353 5314 ³
488 5327 525 5377 ,‚
559 5287 648 5359 ture
678 5279 725 5358 ils
756 5271 965 5376 ronloient
992 5283 1178 5358 montre'r
1195 5289 1209 5369 ,
1238 5272 1356 5377 qu’rls
1385 5265 1538 5353 e'toient
1569 5271 1721 5367 libres,
1753 5275 1795 5358 &-
1813 5277 1930 5380 qu’ils

487 5425 524 5498 ε,
557 5395 780 5503 portoient
807 5392 967 5480 souffrir
996 5417 1074 5478 une
1098 5389 1351 5478 domination
1378 5385 1594 5497 e'rtangere
1612 5441 1645 5488 ‚,
1676 5391 1937 5517 Bonter1.c..

1412 6321 1417 6328 ι

1452 6417 1467 6428 a
