4568 7398
167 695 315 813 Galli
356 698 534 818 ltaliae
575 728 776 828 veteres
810 715 1002 834 incolas
1033 723 1378 876 expulerant.
1428 728 1520 844 nd
1543 730 1689 848 haec

168 893 494 1012 Sabinorum
524 896 701 1058 lingua
741 905 826 1025 Cl.
864 913 1100 1031 Oliverio
1129 963 1232 1034 non
1264 916 1516 1040 ‘diffitente
1549 931 1697 1044 Um·-

167 1079 383 1200 brorum
415 1089 622 1248 linguae
654 1100 862 1222 sonilis:
907 1102 1116 1225 Umbri
1133 1151 1296 1239 vero,
1348 1109 1521 1226 Solino
1566 1118 1692 1234 telle

69 1326 75 1334 ·
166 1280 443 1404 Gallorum
486 1301 804 1456 progenies'.
855 1281 1007 1423 Nihil
1049 1308 1145 1422 elle
1190 1345 1316 1458 ergo
1364 1303 1692 1424 verilimilius

164 1471 360 1622 potest,
393 1516 549 1626 quam
586 1495 725 1640 quod
755 1495 930 1612 Sabini
964 1543 994 1615 a
1028 1499 1196 1618 Gallis
1224 1541 1407 1618 vocem
1434 1503 1568 1616 hanc
1601 1547 1692 1619 ae·

7 1699 8 1760 ;
163 1667 426 1819 ceperint:
460 1674 599 1822 quod
629 1675 666 1790 st
699 1677 799 1796 hoc
832 1683 1051 1812 statuas,
1096 1673 1221 1801 iuno
1253 1681 1604 1840 legitimum,
1633 1727 1697 1804 ao
1803 1739 1805 1745 ·
1887 1779 1889 1786 ,
1949 1747 1953 1754 ·

7 1907 10 1960 ;
163 1865 454 2021 genuinum
487 1869 631 1982 vocis
659 1899 873 2020 etymon
904 1871 1082 1984 naelus
1105 1861 1235 1985 eris:
1270 1886 1411 2022 Cajus
1434 1879 1604 2008 enim,
1629 1877 1696 2008 stf

7 2203 11 2229 Ι
166 2104 234 2185 ve
265 2076 417 2212 Gajo's
449 2061 706 2183 aceltica
742 2103 869 2188 voce
898 2074 1047 2197 Gau,
1084 2068 1169 2185 vel
1199 2079 1310 2201 Ga,
1344 2109 1475 2220 quae
1507 2109 1698 2196 terram

7 2384 8 2392 Ν
168 2258 451 2416 fignificat,
485 2263 529 2374 is
565 2265 693 2393 erit,
724 2267 813 2416 qui
849 2264 1017 2418 patria
1036 2265 1090 2375 in
1113 2259 1247 2376 terrai
1275 2281 1427 2378 natus
1449 2260 1538 2396 s1t3
1572 2271 1698 2416 quin

166 2499 298 2574 cum
328 2458 587 2614 Scaligero
617 2455 850 2573 Celticae
883 2457 1028 2574 vocis
1059 2453 1407 2606 veriloquium
1433 2460 1701 2576 aGraecis

166 2665 311 2820 apud
346 2707 475 2818 quos
502 2680 610 2789 nata
643 2698 810 2790 terra,
849 2688 975 2784 natos
1015 2692 1229 2800 terrenos
1252 2731 1293 2806 ,¹
1321 2655 1559 2772 arcessere
1603 2697 1699 2802 ne«
1742 2734 1745 2739 -

7 2871 10 2918 ²
168 2859 294 2974 ceffe
316 2859 405 2978 fit.
430 2863 574 2976 Nam
607 2856 747 3006 quotl
770 2895 877 2972 vox
896 2857 1031 2968 haec
1059 2893 1179 2968 eum
1214 2850 1453 2985 denotet,
1489 2855 1579 3006 qui
1601 2893 1699 2975 nas·

7 3035 12 3162 ἐ
164 3051 356 3172 scendo
386 3007 689 3204 parentibus
725 3047 908 3197 ingens
938 3041 1172 3154 attulerit
1193 3040 1473 3199 gaudium,
1505 3038 1697 3157 latinae

7 3357 12 3406 ζ
167 3255 314 3368 vocis
347 3240 638 3392 analogiam
671 3237 709 3353 st
744 3233 965 3393 spolier,
1002 3235 1140 3361 vix,
1175 3273 1237 3362 ao
1265 3271 1328 3344 ne
1357 3231 1451 3344 vix
1482 3227 1695 3381 quidem¹

7 3491 9 3529 =
168 3443 284 3560 lieri
317 3437 532 3598 potest.
572 3428 706 3546 Illud
745 3431 955 3547 tandem
997 3427 1212 3543 minime
1262 3419 1485 3540 dubium
1527 3423 1707 3565 Celtia¹
1778 3569 1781 3577 Ι

7 3637 18 3767 ”,
154 3631 312 3756 luam
336 3631 481 3758 soille
502 3666 713 3755 vocem,
739 3624 834 3768 ¹cui
858 3621 1068 3749 eadem,
1100 3654 1174 3732 acw
1192 3613 1379 3744 latinae
1399 3628 1571 3778 Cajas,
1591 3657 1691 3760 ηο·ι
1852 3653 1857 3660 ·

12 3879 19 3966 ί
168 3836 243 3953 tio
275 3827 503 3979 subjeeta
526 3839 558 3958 ς
586 3861 744 3974 quana
775 3825 870 3936 Kei
909 3814 1048 3935 soille
1077 3809 1247 3930 censet
1280 3815 1574 3948 Baxterus3
1608 3849 1692 3938 att*

8 4085 17 4192 ³.
166 4063 266 4178 que
299 4021 380 4133 uti
411 4016 598 4141 varia,
637 4051 731 4166 pro
770 4011 912 4126 varia
943 4001 1171 4156 ejusdem
1210 4000 1421 4156 linguae
1455 4033 1688 4156 pronun·h

166 4217 430 4342 ciatione,
461 4205 721 4324 vocalium
753 4197 980 4317 mutatio
989 4199 1090 4328 ,a
1131 4233 1321 4310 vocum
1353 4199 1687 4348 terminatio,

7 4361 19 4504 i
164 4399 305 4555 quod
344 4401 432 4514 hic
464 4405 587 4528 Kei,
620 4396 748 4510 alter
779 4399 868 4516 Coi
900 4383 1309 4543 pronunciabat,
1339 4395 1523 4506 tertius
1542 4390 1690 4542 adje-
1873 4427 1877 4432 ’

163 4599 244 4712 ἃᾶ
285 4593 469 4752 graecia
512 4583 872 4704 terminatione
914 4581 1002 4690 OS
1024 4652 1042 4706 ‚
1064 4711 1066 4716 .
1089 4591 1506 4716 amaruntenim
1540 4588 1687 4707 Galli

149 4827 386 4950 graecas
416 4791 825 4921 terminationes,
860 4791 1089 4905 COIOS¹
1110 4784 1386 4904 efferebat.
1425 4790 1567 4902 Haec
1600 4783 1720 4909 illo.

155 4981 425 5143 ingeniosa
470 4987 670 5115 fateor,
717 5025 783 5098 an
822 4979 1001 5101 eadem
1045 5018 1168 5097 vera
1209 4979 1306 5097 lint
1352 4979 1684 5116 vehementer

163 5177 384 5321 dubito5
414 5212 566 5334 atque
598 5178 727 5305 illud
745 5183 937 5305 iterun
956 5177 1042 5298 hic
1058 5216 1241 5300 moneo
1260 5169 1387 5298 nihil
1410 5181 1509 5300 elle
1535 5176 1679 5325 adje-

1564 5377 1674 5508 tta,

693 6006 696 6014 A

1151 6089 1154 6096 ,
2005 6089 2008 6097 ι

631 6199 635 6208 ι

1773 6251 1782 6260 ι

893 6277 900 6295 .
1102 6273 1107 6284 t

1465 6333 1483 6341 -u

303 6349 307 6356 ι

1698 6375 1703 6383 ι
