4586 6506
767 635 1035 870 dulsentibus
1067 777 1265 860 excavati
1299 749 1428 866 sunt,
1456 757 1799 886 pauci'omnino
1834 769 2048 888 sanguinis
2080 803 2156 866 vu.

768 890 924 978 sculum
953 888 1186 1000 adjunt‘ium
1213 887 1400 974 habent:
1432 897 1556 1000 pauci
1579 919 1745 1006 quoque
1771 893 1978 1002 inquibus
2006 891 2154 980 uascu-

743 1006 801 1092 li
841 1004 1069 1119 uestigium
1102 1024 1305 1118 apparet,
1335 1005 1448 1115 quod
1467 1005 1641 1114 quidem
1671 1005 1799 1091 celari
1822 1030 1904 1088 non
1932 1008 2152 1123 potuisset,

645 1161 649 1174 ·
768 1120 797 1205 fi
828 1119 1035 1208 vasculum
1069 1117 1291 1234 aliquando
1323 1117 1516 1206 adfuisset
1544 1147 1560 1228 3
1592 1120 1750 1205 sublato
1781 1124 1932 1222 enini,
1967 1123 2033 1212 vel
2069 1121 2154 1206 dis-

769 1237 900 1324 frae‘lo
936 1233 1057 1336 vase,
1092 1261 1268 1322 vacuum
1297 1239 1341 1318 in
1372 1232 1593 1322 durissimo
1618 1255 1847 1322 coemento
1890 1235 2147 1352 vestigium,

770 1347 1030 1468 superesset..
1062 1353 1181 1436 Haec
1218 1345 1418 1436 testantur
1452 1405 1467 1451 ,
1496 1357 1569 1463 qui
1604 1349 1715 1436 sacra
1747 1357 2022 1438 Coemeteria
2049 1349 2151 1436 dili·

771 1464 1006 1582 gentiifime
1044 1463 1348 1580 inspexerunt:
1376 1467 1413 1551 &
1450 1465 1504 1552 de
1533 1465 1738 1579 aliquibus
1756 1471 2043 1553 coemeteriis
2061 1520 2075 1565 ,
2095 1473 2153 1580 ip-

771 1581 812 1670 se
838 1587 965 1669 etiam
997 1581 1137 1670 testari
1170 1577 1358 1694 possum.
1391 1584 1438 1666 Si
1483 1580 1590 1668 baec
1626 1583 1718 1666 loca
1746 1585 2008 1666 Muratorius
2038 1607 2151 1667 nom

771 1700 997 1798 lustravit,
1027 1704 1167 1814 potuit
1193 1714 1334 1783 tamen
1362 1725 1412 1783 ex
1449 1698 1612 1784 Romae
1646 1694 1939 1783 subterraneae
1957 1702 2151 1809 Scripto-

776 1813 891 1899 ribus
924 1813 995 1899 illa
1034 1813 1314 1922 intelligere,
1342 1839 1445 1925 quae
1477 1810 1716 1897 adnotavi.
1748 1810 1968 1913 Boldettus
1997 1811 2149 1896 alicubi

776 1929 922 2016 titulos
953 1924 1230 2044 sepulchrales
1266 1927 1308 2010 in
1342 1929 1628 2016 Coemeteriis
1662 1947 1853 2040 repertos
1872 1926 2149 2041 quadringen-

426 2041 735 2126 'sillitana-2&
777 2065 845 2130 tos
874 2049 1107 2157 nonaginta
1131 2036 1310 2130 exhibet
1338 2043 1360 2156 s
1375 2045 1436 2156 a)
1469 2100 1480 2123 .
1511 2045 1567 2127 At
1606 2047 1651 2126 in
1682 2062 1800 2127 tanto
1831 2071 2011 2127 numero
2049 2068 2144 2126 unus

435 2118 514 2204 fil*
776 2151 1145 2271 &quinquaginta
1177 2156 1397 2244 dumtaxat
1433 2156 1641 2244 vasculum
1677 2154 1888 2270 sanguini-s
1920 2157 2147 2270 adjuntium

776 2275 983 2360 habuere·
1018 2279 1136 2361 luter
1175 2271 1253 2356 hos
1285 2269 1415 2358 nullus
1441 2267 1662 2386 puer2sed
1694 2273 1760 2359 vel
1795 2273 1934 2370 nulla,
1968 2272 2036 2356 rel
2067 2299 2148 2356 ma·

773 2391 840 2502 jor
868 2409 980 2476 aetas
1014 2385 1252 2504 adscripta.
1282 2384 1464 2474 Rursum
1491 2387 1592 2472 alibi
1621 2389 1770 2474 titulos
1806 2385 1874 2473 sex
1905 2391 1941 2472 81
1966 2384 2144 2499 sexagin-

775 2525 817 2590 ta
852 2503 1039 2591 recenset
1070 2559 1086 2606 ,
1117 2534 1168 2597 ex
1199 2503 1346 2615 quibus
1386 2533 1471 2589 non
1501 2502 1672 2615 plures,
1701 2530 1825 2619 quam
1862 2508 2050 2614 quinque
2085 2527 2145 2585 va·

774 2615 932 2704 sculum
963 2618 1194 2710 habebant·
1224 2616 1342 2733 Quae
1373 2619 1462 2705 sunt
1500 2623 1638 2727 igitur
1673 2637 1740 2704 tot
1767 2617 1846 2702 ista·
1873 2615 1971 2728 oasa
1991 2615 2138 2716 vitrea,

772 2729 1085 2846 uutfigulitra,
1110 2763 1212 2850 quae
1242 2739 1284 2816 in
1312 2729 1438 2818 sacris
1458 2735 1745 2841 Coemeterills
1776 2747 2138 2844 occurrunt‚quo·

775 2875 869 2932 rum
900 2853 1036 2935 nimia
1065 2844 1296 2936 multitudo
1318 2846 1492 2934 dubium
1525 2852 1717 2936 excitare
1746 2845 1898 2962 possit,
1929 2843 2009 2931 srut
2037 2875 2136 2944 ou

699 3075 700 3078 w
774 2979 842 3047 tot
873 2967 1090 3075 Martyres
1121 2962 1285 3050 ibidem
1304 2963 1486 3076 sepultii
1979 3073 1981 3078 Ι
2051 2985 2053 2988 ·

917 3076 1000 3164 Sed
1029 3097 1095 3165 tot
1125 3105 1175 3165 ac
1205 3095 1320 3163 tanta
1345 3075 1484 3164 studia·
1504 3079 1652 3194 quibus
1687 3079 1751 3168 ct.
1781 3086 1872 3178 ,Vir
1907 3083 2139 3168 Literariat

772 3190 957 3310 Reipub·
988 3192 1102 3279 bono
1133 3193 1333 3288 vacabat,
1360 3193 1496 3282 finere
1517 3223 1600 3280 oon
1622 3213 1845 3306 poterant,
1876 3216 1921 3279 ut
1949 3195 2140 3304 adaequa·

773 3321 862 3398 tam
895 3312 1271 3412 Coemeteriorum
1301 3307 1442 3396 ideam
1471 3311 1543 3398 fibi
1575 3329 1872 3425 compararet.
1905 3309 2038 3426 Qrod
2060 3309 2140 3422 qui-

778 3415 879 3506 dem
909 3421 1174 3536 perspicuum
1208 3423 1273 3510 vel
1306 3427 1494 3514 maxime
1520 3423 1607 3524 eli,
1637 3432 1804 3524 exiis,
1834 3453 1937 3539 quae
1973 3423 2030 3512 de
2053 3417 2143 3508 Fos-

663 3577 665 3580 ·
774 3529 937 3622 soribus
965 3539 1369 3651 tradidit‚quorum
1404 3567 1487 3626 non
1507 3567 1598 3628 rara
1622 3545 1786 3628 mentio
1808 3541 1865 3624 eil
1899 3544 1942 3624 iu
1972 3545 2142 3624 Goeme·

776 3652 993 3738 terialibus
1029 3653 1415 3766 Inscriptionibus·
1445 3651 1873 3764 Ita-enim-adnotat
1907 3655 1964 3739 ad
1996 3650 2141 3737 Inseri-

435 3779 731 3868 tutturpnptou.
773 3771 972 3880 ptionem
1006 3767 1198 3854 Terentii
1223 3765 1396 3882 fastris
1428 3772 1529 3880 (b).
1553 3775 1696 3874 Hanc,
1718 3777 1851 3882 inquit
1870 3769 2012 3866 ,inter
2029 3765 2141 3850 cbri-

760 3877 926 3998 stiones
949 3885 1175 4000 recenseo,
1207 3883 1357 3994 quippe
1388 3883 1586 4000 Fofforum
1622 3885 1784 3969 nomiae
1821 3883 1965 3967 uenire
1993 3882 2143 3995 illiso·

777 3999 898 4110 lent,
927 3997 1002 4107 qui
1018 3995 1171 4106 primis
1190 3993 1451 4103 Christianae
1473 4001 1594 4086 Fidei
1611 3997 1834 4111 flacculis,
1864 4002 2022 4101 Romae
2052 3996 2138 4088 in„

776 4138 878 4220 agro
907 4109 1153 4196 Suburbano
1171 4129 1330 4198 terram
1352 4109 1624 4228 effodiebant,
1645 4132 1771 4227 atque
1784 4104 2066 4224 fhbrica'baat
2082 4109 2144 4194 ad-

776 4226 977 4310 miranda·
1005 4227 1088 4310 itta
1105 4224 1386 4338 stabterranea
1426 4230 1679 4314 coemeteria
1708 4283 1722 4326 ,
1755 4254 1859 4340 qaue
1890 4229 2139 4316 Catacumbe

777 4367 889 4426 nunc
923 4341 1223 4450 appellantur,
1256 4339 1311 4422 ad
1324 4341 1572 4458 sepelienda
1603 4341 1930 4455 Christianorum
1961 4363 2137 4454 corpora.

776 4452 862 4566 Ipſs
884 4482 1044 4567 qaoque
1064 4456 1232 4570 restaret
1254 4453 1300 4536 in
1326 4455 1652 4568 christianorum
1684 4453 1824 4568 castris
1855 4457 2049 4574 militnffir
2064 4485 2139 4542 cre-

728 4571 732 4579 ’
779 4569 903 4656 alendi
917 4571 1062 4684 stant,
1093 4569 1199 4680 quod
1220 4570 1274 4664 θ
1285 4572 1579 4693 stebsequenter
1603 4573 1896 4686 inscriptiones
1916 4570 2140 4687 testaripo·

776 4703 923 4770 terunt
953 4742 964 4765 .
999 4685 1259 4772 Admiranda
1286 4688 1461 4800 quidem
1498 4689 1584 4774 sunt
1613 4695 1885 4774 coemeteria
1918 4743 1932 4786 ‚
1965 4685 2037 4772 sed
2073 4694 2136 4773 vir

772 4797 986 4885 credibile
1025 4798 1196 4886 videtur
1228 4803 1408 4915 potuisse
1447 4803 1650 4917 Populum
1682 4803 1958 4904 Romanum,
1988 4805 2030 4888 8(
2061 4801 2141 4884 Ro-

779 4941 924 4999 manos
959 4919 1178 5028 Principes
1206 4937 1412 5002 terrarum
1447 4923 1659 5004 Domiuos
1689 4967 1707 5012 a
1738 4934 1900 5004 tantam
1926 4947 2078 5005 arenae
2109 4923 2140 5003 ἃ

675 5069 680 5102 ³
775 5024 904 5144 tophi
938 5034 1076 5140 virne
1102 5051 1240 5126 terrae
1270 5031 1505 5131 visceribus
1525 5060 1727 5150 egerere,
1755 5034 2141 5232 quautamegestapr

1342 5180 1343 5188 ¹
2068 5177 2090 5237 e
2118 5178 2137 5238 e
