4556 6504
567 818 576 873 i
647 827 671 880 A

736 597 870 735 ”4
1144 587 1707 688 atanooa

736 731 979 830 credendum
1024 730 1077 848 ιβ
1118 749 1246 840 3aut
1272 732 1473 818 latentem
1512 731 1674 845 causeam
1720 727 1805 820 alii
1839 731 2113 846 perscrutetur»

688 939 698 959 ,
735 873 811 944 tur
839 907 851 931 ·
884 855 1002 938 Haec
1036 847 1109 936 iile
1139 849 1209 960 (a)
1239 873 1253 932 a
1284 867 1325 934 at
1357 875 1441 935 non
1476 846 1534 936 est
1562 855 1856 1046 curssrimum
1902 850 2015 934 nullo
2048 878 2116 934 au·

719 962 854 1058 'tiore
884 962 1141 1058 credamur,
1172 991 1307 1080 neque
1332 990 1410 1050 cur
1438 963 1618 1052 alterum
1664 962 1873 1054 cautando
1889 961 2111 1078 ,perscru-

635 1095 643 1114 '
738 1085 952 1198 tandoque
980 1077 1273 1192 defatigemur
1292 1109 1309 1188 ς
1331 1099 1477 1192 aperta
1506 1083 1619 1168 enim
1657 1105 1721 1169 res
1749 1081 1808 1166 est
1825 1125 1835 1158 ι
1854 1080 1979 1166 Nulla
1998 1084 2112 1164 Con·

739 1199 891 1288 solibus
918 1193 1159 1283 maturandi
1184 1191 1304 1280 causa
1336 1215 1463 1298 erat,
1492 1191 1696 1282 Annibale
1725 1202 1847 1283 circa
1879 1199 2111 1282 Tarentum

738 1319 786 1402 in
813 1313 1006 1401 hibernis
1035 1327 1370 1426 commorante,
1396 1339 1523 1426 quum
1556 1307 1787 1424 superioris
1822 1315 1921 1398 anni
1952 1309 2111 1396 Consu·

736 1431 829 1530 les,
848 1433 921 1515 Ti.
939 1431 1242 1542 Sempronium
1278 1434 1500 1542 Longum,
1518 1430 1557 1514 u
1580 1423 1665 1542 Q
1697 1427 1869 1516 Fabium
1891 1425 1974 1530 ,ab
1991 1453 2111 1512 exer·

738 1548 827 1632 citu
852 1565 938 1630 no'n
963 1538 1226 1628 discetfitseru
1256 1594 1268 1618 ·
1297 1541 1568 1630 Comitiarum
1604 1539 1896 1653 Coufialarium
1920 1542 2010 1642 jam
2041 1560 2112 1650 ap·

405 1658 696 1808 fflf‘mbm·
727 1659 909 1774 petebat
932 1673 1092 1770 tempus
1124 1707 1139 1755 a
1170 1661 1311 1769 inquit
1346 1659 1500 1744 Livius
1529 1657 1600 1771 (b)
1628 1724 1645 1762 ,
1672 1657 1756 1772 sed
1781 1657 1883 1772 quia
1920 1655 2110 1772 Consules

398 3485 528 3540 mmai.

737 1773 902 1862 abella
928 1769 1110 1857 intentor
1152 1797 1328 1857 auocare
1353 1797 1436 1856 aaa
1462 1771 1698 1885 placebat,
1735 1773 1808 1859 Ti.
1842 1771 2112 1884 Sempronius

739 1887 895 2005 Consul
907 1885 1182 1974 comitiorum
1201 1883 1332 1998 eausa
1356 1885 1621 1977 Diiiatorem
1641 1885 1789 1988 dixit,
1809 1893 1846 1974 C
1847 1945 1859 1970 .
1886 1885 2108 1974 Claudium

738 2009 993 2090 Centonem.
1025 2005 1136 2087 Cum
1168 2002 1306 2114 igitur
1337 2006 1638 2118 Conceptivae
1670 2001 1800 2091 essent
1828 2007 1999 2090 Latinae
2020 2002 2113 2092 ,fer-

739 2123 835 2208 riae
858 2143 945 2204 non
972 2113 1033 2205 est
1067 2143 1146 2202 cur
1172 2121 1383 2218 mireris,
1413 2113 1442 2200 fi
1472 2117 1591 2206 hisce
1617 2125 1665 2205 in
1688 2117 1982 2236 fragmentis,
2011 2143 2109 2216 eas,

736 2261 852 2322 nuuc
882 2227 1043 2320 rato
1067 2230 1152 2343 Jut.
1184 2257 1294 2316 nunc
1319 2254 1407 2318 ιιι.
1437 2259 1552 2320 nunc
1607 2263 1644 2320 r·
1679 2231 1751 2320 td.
1765 2242 1879 2350 Aug.
1899 2261 2014 2320 nunc
2036 2257 2111 2316 arr·

741 2350 812 2441 uel
848 2375 916 2435 tv.
954 2345 1020 2432 Id·
1056 2343 1288 2432 celebratas
1326 2344 1505 2435 videas.
1534 2265 1647 2436 Iliad
1673 2357 1820 2466 potius
1847 2353 2009 2436 mirum
2038 2371 2111 2432 cut

771 2493 819 2556 er
845 2461 974 2549 hosce
1005 2489 1137 2548 annos
1174 2477 1263 2548 tam
1293 2457 1387 2551 sero
1419 2461 1611 2580 peratiae
1634 2463 1712 2552 fint
1734 2473 1874 2554 ·Cum
1901 2465 2020 2548 euim
2044 2490 2110 2548 re·

738 2498 850 2695 fagio
883 2577 1031 2680 foret,
1060 2597 1106 2664 ut
1130 2583 1239 2663 relic
1270 2583 1486 2664 Manutius
1525 2579 1869 2682 animadvertit,
1907 2577 2107 2667 Consules

740 2700 787 2782 in
816 2698 1067 2808 provincias
1086 2711 1182 2780 aute
1213 2691 1386 2780 tartare
1409 2691 1672 2812 Sacrificium
1694 2693 1954 2812 proficisci3
1986 2719 2111 2809 quam

737 2813 931 2925 primum
965 2815 1140 2898 Latinas
1163 2807 1379 2899 celebrare
1408 2813 1634 2924 oportebat
1667 2811 1806 2928 :Qu
1844 2818 1891 2898 in
1932 2840 1980 2898 re
2011 2835 2109 2894 cum

740 2921 846 3040 quid
883 2927 996 3015 certi
1028 2921 1312 3040 afferamnon
1349 2925 1571 3026 habeam,
1606 2927 1719 3038 iuvat
1752 2929 2006 3048 conjecturis
2043 2922 2111 3010 aii·

738 3039 982 3177 quantulum
1015 3038 1263 3154 indulgere.
1294 3035 1469 3130 Latinas
1498 3047 1676 3160 Perias,
1707 3043 1735 3130 sr
1763 3041 1868 3158 quid
1894 3038 2110 3138 omilium,

736 3165 766 3264 ir
788 3153 898 3356 guid
923 3183 1009 3242 uon
1045 3159 1131 3245 rite
1164 3163 1376 3272 peraltum
1400 3159 1676 3274 ,instauratas
1709 3159 1832 3247 fuiffe
1866 3186 1954 3246 non
1984 3151 2111 3244 semel

738 3277 782 3357 ui
815 3277 875 3360 ‘eo
900 3323 921 3372 ,
951 3289 1077 3387 atque
1104 3270 1244 3376 altero
1270 3280 1365 3362 anni
1399 3295 1596 3392 tempore
1619 3277 1890 3367 celebratas.
1930 3269 2112 3360 Latinae

395 3397 631 3468 (eluuntur
644 3423 698 3482 ιι.
725 3385 869 3500 seriae
892 3389 1069 3520 ,inquit
1096 3387 1248 3524 Livius·
1278 3394 1373 3524 (f)
1392 3387 1522 3504 fileae
1548 3417 1648 3480 aute
1684 3392 1792 3480 diem
1830 3418 1871 3478 rr
1888 3419 1923 3476 ι.
1964 3393 2112 3476 Nonus

732 3501 887 3602 Mai,
917 3527 965 3585 aa
994 3499 1144 3618 quibus
1172 3528 1272 3613 quaa
1299 3532 1346 3589 ιιι
1382 3533 1468 3594 aaa
1494 3503 1621 3622 bestia
1636 3495 1656 3617 ¹,
1674 3505 1935 3616 magistratus
1967 3510 2110 3591 Lanu·

733 3615 869 3714 ‚trinua
892 3635 1093 3728 precatur
1125 3641 1206 3702 uon
1243 3617 1302 3733 esi
1337 3625 1493 3734 populo
1521 3629 1704 3711 Romana
1735 3619 1976 3738 Quiritium
2002 3613 2104 3705 reli·

725 3729 848 3844 giuai
859 3729 984 3845 suit.
1016 3731 1068 3817 ta
1095 3757 1187 3816 cum
1219 3734 1276 3820 ad
1303 3739 1505 3824 Senatum
1539 3739 1725 3826 relatum
1748 3742 1886 3859 furffit
1918 3791 1933 3839 ,
1968 3743 2108 3822 Sena-

728 3843 876 3978 tuasque
915 3847 972 3932 ad
996 3845 1240 3956 Pontificum
1275 3851 1507 3963 Collegium
1536 3853 1735 3988 rejecifflt
1766 3885 1782 3965 3
1815 3849 2110 3969 Pontificibus,

726 3987 829 4074 quaa
851 3982 934 4046 nun
952 3959 1091 4048 retiae
1103 3960 1253 4072 sullae
1278 3963 1439 4052 latinae
1469 3967 1621 4086 efferat,
1657 3969 1900 4082 etesiauratir
1928 3967 2103 4068 latinis,

718 4073 888 4186 placuit
912 4075 1184 4182 Lanuuinus,
1196 4105 1374 4192 quorum
1407 4100 1544 4190 opera.
1567 4081 1821 4192 instauratae
1843 4085 1964 4204 efferat
1990 4149 2009 4186 ,
2037 4081 2105 4168 ba·

667 4249 670 4256 a
711 4181 818 4303 stiae
852 4191 1064 4300 praebere
1090 4251 1105 4273 .
1136 4243 1150 4268 ·
1180 4245 1193 4268 ο
1224 4193 1379 4393 Caeseti
1407 4197 1490 4312 Q
1527 4198 1727 4308 Poetilius
1754 4231 1880 4316 quum
1905 4219 2102 4314 primum

713 4321 799 4416 per
830 4305 1015 4420 auspiciu
1047 4303 1176 4420 poffvi
1200 4363 1215 4409 ,
1240 4336 1283 4392 aa
1304 4308 1425 4418 legae
1437 4313 1707 4432 stabroganda
1745 4317 1910 4402 comitia
1940 4311 2103 4399 habere

716 4415 843 4534 suffles
877 4427 933 4514 θ’
963 4419 1146 4504 Latinus,
1178 4421 1377 4537 euicere3
1411 4427 1592 4514 Comitia
1624 4428 1671 4514 iu
1704 4451 1805 4518 aute
1850 4432 1958 4516 diem
2000 4455 2106 4514 ιιι.

717 4537 865 4622 Nouus
896 4534 1311 4643 textile13taeieas
1343 4541 1391 4626 iu
1418 4567 1516 4628 unte
1546 4543 1655 4629 diem
1693 4573 1792 4638 arr.⁴
1814 4547 1913 4634 lius
1960 4545 2107 4632 Sexti·

713 4650 776 4735 les
804 4645 966 4734 edixit.
999 4651 1118 4737 Haec
1152 4649 1403 4768 Livius,²ex
1422 4660 1566 4774 quibus
1599 4657 1785 4778 suspicor
1809 4667 1979 4750 Latinas
2002 4656 2100 4749 has·

714 4795 766 4854 ce
796 4788 848 4852 ert
883 4770 940 4854 iis
969 4759 1081 4868 effe,
1121 4793 1225 4881 quae
1252 4769 1468 4886 prioribus
1493 4802 1717 4894 perperam
1750 4785 1850 4865 attis
1885 4773 2101 4864 instaura·

712 4902 782 4972 tae
809 4878 1004 4968 fuerunt.
1044 4887 1192 4996 Neque
1215 4881 1386 4977 fortatse
1419 4907 1581 4978 temere
1610 4894 1951 4990 animadverto,
1978 4897 2103 4976 Con·

711 4997 891 5106 turem,
930 4998 1003 5114 qui
1028 4995 1145 5086 bisce
1164 5005 1209 5088 in
1229 4999 1486 5118 fragmentis
1516 5003 1717 5122 inscripti
1749 5009 1981 5124 leguntur,
2011 5031 2104 5090 non

1998 5147 2112 5208 con·
