4586 6506
498 667 502 676 ·
546 619 927 718 Houomoto
974 626 1246 723 nonani.
1447 637 1608 766 393

184 781 266 883 per'
299 756 477 876 'fingulos
513 765 558 847 in
588 767 726 848 limbo
750 785 921 848 notatos
947 763 1326 875 signorum'rndios
1350 761 1578 860 secundum
1607 757 1616 868 J

193 882 264 968 fili·
288 878 453 964 dullum
480 882 529 961 in
559 874 778 987 superficie
810 875 1134 990 horologiillat
1165 882 1420 984 excavetio,
1450 882 1577 970 &di-

195 993 302 1080 visio
332 994 408 1079 'fiat
434 1009 479 1078 ut
513 1012 641 1092 ante,
674 991 960 1102 ducanturque
991 1019 1152 1081 curvae
1181 994 1382 1088 fhorariue
1416 1049 1431 1096 ,
1470 987 1616 1107 φής’,

190 1107 429 1224 prodibunt
462 1111 750 1192 accuratiores
792 1133 873 1217 pro
901 1106 1052 1218 majori
1085 1111 1303 1196 radiorum
1340 1137 1530 1199 numero
1558 1169 1573 1190 .
1611 1180 1614 1189 .
1714 1200 1716 1204 ,

188 1221 567 1339 Expeditilirmum
601 1239 742 1306 autem
776 1221 1098 1307 instrumentum
1135 1224 1239 1310 illud
1267 1223 1320 1310 nd
1341 1226 1576 1339 quamlibet
1611 1221 1614 1228 ’

187 1339 279 1454 poli
306 1335 580 1424 altitudinem
605 1335 738 1422 facili:
766 1335 1201 1441 accommodabitur,
1233 1338 1258 1422 li
1292 1366 1411 1426 arcus
1439 1341 1577 1451 figue-

189 1483 284 1540 rum
312 1451 504 1540 Zoditci
552 1449 606 1536 ed
651 1448 931 1563 quadrantem
968 1449 1125 1538 circuli
1159 1452 1421 1567 ,producatur
1446 1487 1469 1551 e
1512 1457 1574 1542 itt
1612 1547 1620 1568 ,-

190 1576 307 1656 enim
333 1565 478 1654 attolli
503 1567 666 1680 poterit
698 1572 826 1668 arie,
856 1595 949 1666 or„
967 1565 1108 1659 donec
1134 1565 1254 1652 filum
1278 1569 1461 1680 pendens
1481 1599 1572 1668 ex.
1611 1571 1615 1580 ’

188 1715 245 1800 p,
271 1683 397 1772 radat
426 1685 471 1764 in
508 1709 608 1766 arcu
634 1681 786 1763 circuli
821 1680 1087 1766 altitudinem
1118 1681 1204 1794 poli
1236 1682 1409 1768 datam.

304 1801 426 1886 Haec
451 1796 626 1908 quidem
653 1793 859 1879 facilli-ma
881 1795 938 1879 cll
967 1801 1003 1882 lit
1032 1825 1082 1882 eu
1105 1801 1263 1907 primis
1287 1806 1570 1911 gnomonicae

195 1919 428 2028 principiis
472 1911 668 1997 derivata
694 1908 947 1993 ooollrut‘iio
981 1963 994 2009 ,
1036 1935 1158 2022 quam
1201 1909 1282 1997 fine
1311 1913 1393 1996 ullo
1425 1915 1568 2000 labore
1614 1995 1619 2004 .

192 2034 370 2116 tratlare
392 2043 598 2139 poterunt
625 2029 709 2109 viri
743 2028 881 2108 etiam
915 2051 1054 2110 terum
1083 2031 1444 2134 ‚gnomonicarttm
1487 2037 1570 2114 im·
1623 2115 1626 2122 ,

188 2138 555 2256 peritit'Vemim
589 2138 697 2250 apud
723 2143 920 2251 antiquos
950 2138 1143 2226 ufitatnm
1178 2139 1300 2230 ¹fuille
1331 2143 1458 2228 elium
1490 2145 1572 2234 bo·
1621 2215 1624 2220 .
1721 2159 1730 2166 ’

189 2255 456 2367 tolo-giorum
482 2243 699 2342 :inionem
732 2251 960 2363 colligitur
994 2285 1043 2342 ex
1075 2259 1284 2374 Vitruyio
1324 2285 1418 2372 cap·
1451 2269 1488 2347 8.
1519 2263 1569 2344 de

187 2369 491 2478 horologiorum
521 2367 757 2454 rationibus
797 2371 851 2458 θ’
880 2366 1041 2454 umbris
1062 2375 1352 2478 gnomonum:
1392 2379 1466 2458 in·
1504 2382 1569 2460 ui·
1620 2473 1625 2486 ¹

186 2481 438 2596 buscumque
467 2485 574 2568 locis
604 2481 834 2595 horologia
879 2505 999 2569 erunt
1035 2481 1306 2572 describenda
1337 2541 1351 2587 ,
1397 2517 1450 2574 eo
1471 2407 1577 2588 ioci,

187 2603 235 2684 in
258 2605 497 2708 gnomonis
539 2597 724 2708 partibus
775 2598 1019 2682 sumendam
1057 2595 1135 2686 elle
1167 2600 1407 2710 ‚prescribit
1445 2601 1571 2717 tequi-

185 2713 405 2798 uot‘iialem
441 2713 630 2799 umbram
662 2767 677 2812 ,
723 2719 917 2822 itemque
954 2712 1158 2800 aestiuum
1187 2717 1225 2800 t<
1255 2714 1525 2824 Hybernam,
1545 2725 1568 2791 '⁴
1607 2797 1609 2802 ,

105 2845 108 2849 ’
183 2829 306 2914 Haec
348 2825 572 2914 methodus
619 2825 672 2912 ad
705 2830 994 2938 Horologium
1027 2825 1196 2938 quoda
1232 2827 1389 2916 Beroio
1419 2837 1566 2920 inuen·
1620 2914 1630 2924 ,.

181 2938 276 3030 turn
314 2941 478 3042 refert,
515 2941 736 3028 transferri
754 2947 896 3028 etia-m
924 2943 1098 3054 pollet3
1143 2945 1252 3026 Cum
1287 2949 1403 3030 enim
1429 2965 1569 3033 extre·
1623 2989 1628 2996 ⁴

47 3139 48 3144 a
183 3057 423 3143 mitasllili
457 3055 502 3140 fit
549 3065 770 3144 incentro
807 3062 1089 3166 nequatoris,
1135 3053 1238 3142 dart
1270 3061 1567 3171 nequinot‘liali
1627 3143 1630 3151 ,

185 3170 365 3266 umbri,
399 3171 623 3258 habebitur
656 3169 800 3256 radius
840 3177 1109 3283 nequatoris·
1144 3167 1260 3255 Item
1295 3172 1567 3262 umbrisSol·

182 3285 413 3369 stitialibus
451 3284 608 3388 datis,
655 3283 864 3370 dabuntur
894 3311 1056 3397 quoque
1085 3289 1375 3396 Tropicorum
1412 3283 1561 3386 radiis·
1604 3395 1607 3401 1

178 3403 321 3494 Porro
347 3397 445 3484 dati
468 3402 689 3490 altitudine
717 3397 815 3484 solis
845 3399 973 3484 facile
1011 3401 1225 3484 invenitur
1248 3401 1453 3597 propello
1472 3432 1567 3510 unt·

176 3509 280 3599 brae
299 3511 524 3600 dicendo:
559 3522 753 3624 Tungent
784 3510 1032 3598 attitudiuis
1064 3508 1180 3598 sotis
1198 3509 1302 3625 estu
1343 3514 1487 3625 stuum
1502 3535 1568 3602 to-

175 3643 315 3726 tum,
357 3648 406 3712 ut
436 3626 490 3738 est
525 3627 625 3744 stili
666 3627 848 3713 altiludo
876 3629 941 3712 ›ed
969 3625 1214 3740 distantiam
1249 3627 1420 3716 umbrae
1455 3632 1568 3718 hori·

180 3743 426 3826 zontalom.
473 3744 581 3829 Item
609 3742 706 3830 dati
733 3743 965 3828 altitudine
1001 3745 1087 3853 poli
1129 3747 1347 3829 invenitur
1375 3746 1565 3832 altitudo
1627 3811 1659 3838 ,,

179 3855 295 3941 Solis
327 3855 379 3940 ad
414 3876 578 3963 tempus
606 3856 834 3970 quodlibet
866 3853 1130 3969 propolitum
1158 3881 1180 3962 -3
1217 3853 1287 3940 sed
1316 3855 1397 3943 bos
1426 3861 1567 3946 calcu-
1633 3943 1639 3953 ,
1738 3907 1742 3915 ·

179 3967 252 4056 los
283 3975 353 4082 qui
386 3968 590 4056 notiffimi
630 3969 718 4056 sunt
751 3970 962 4083 explicare
996 3966 1198 4083 soliusque
1237 3967 1476 4080 describere
1504 3976 1568 4058 su·
1631 4047 1635 4052 .

186 4082 523 4196 perfluumestq
567 4085 917 4170 contractionem
957 4088 1257 4170 Vi-truvianam
1290 4083 1344 4186 a'd
1379 4089 1563 4179 nostrum
1632 4111 1640 4174 .’

180 4197 465 4310 horologium
495 4205 640 4311 paucis
677 4199 820 4286 verbis
855 4197 1081 4284 traducere
1114 4195 1213 4284 satis
1250 4199 1331 4284 erit
1369 4253 1392 4312 ·¹
1417 4203 1563 4316 ltaque
1638 4284 1642 4292 ,
1686 4264 1692 4273 -

177 4313 230 4396 in
259 4313 383 4422 hujus¹
407 4311 629 4425 horologii
659 4311 880 4426 superficie
905 4316 1095 4426 erigatur
1126 4310 1237 4398 llilus
1267 4309 1320 4396 ad
1358 4309 1566 4401 horizon·

182 4443 275 4513 tem
301 4424 696 4538 perpendicularis,
726 4428 1112 4538 cujus-extremitas
1137 4423 1183 4509 lit
1206 4442 1398 4526 centrum
1417 4457 1567 4542 alequa-

179 4546 327 4640 toris,
359 4545 609 4624 inveniatur
649 4543 796 4626 umbra
832 4547 876 4624 in
907 4544 1039 4654 plano
1061 4538 1353 4638 horizonttli,
1391 4541 1567 4627 habebi·

181 4673 254 4741 tur
279 4654 391 4740 illius
422 4654 628 4764 ,projetlio
657 4658 701 4748 in
738 4653 961 4764 superficie
989 4650 1176 4736 concavi
1202 4651 1268 4738 seu
1303 4657 1346 4736 in
1367 4652 1567 4764 hemicy-

178 4771 279 4853 clo.
303 4770 411 4856 Rem
434 4786 607 4855 tentare
643 4767 757 4854 volui
793 4764 838 4853 in
867 4768 1018 4852 nollro
1057 4765 1334 4878 horologio,
1366 4791 1416 4874 un
1450 4767 1567 4852 scili·

171 4905 254 4969 cet
287 4881 459 4970 umbrae
492 4881 807 4996 aequinoctia-lit
836 4881 1032 4967 distantia
1065 4887 1317 4966 conveniret
1372 4906 1468 4963 cunt
1512 4883 1562 4963 iis

168 5024 286 5114 quae
318 4995 478 5112 scripsit
512 5002 779 5118 Vitruvius:¹
813 4997 887 5086 Sol
915 4989 1570 5206 aeqlgnffalmmpmm
