4568 7398
644 477 744 600 ,18

658 747 899 874 portum,
930 713 1115 828 omnia
1139 747 1206 826 ex
1241 715 1461 827 Oriente
1498 709 1788 870 asportata,
1834 714 1975 867 quod
2019 711 2183 868 quan-

593 909 596 916 *
661 908 828 1038 risit,
861 913 1079 1066 opinor,
1115 891 1389 1065 intelligis.
1531 941 1534 953 '
1655 983 1659 994 ·

740 1104 891 1218 VIII.
938 1135 942 1140 ·
974 1108 1164 1224 Biton,
1189 1121 1243 1216 &
1272 1109 1437 1220 Bitucr'
1467 1099 1660 1214 Numis
1681 1141 1711 1213 a
1733 1102 1911 1218 Gallia
1934 1105 2183 1224 Transal⁴

661 1295 785 1448 pina
811 1289 952 1404 abire
975 1281 1157 1446 procul
1178 1283 1354 1430 juffis,
1378 1287 1636 1442 reliquum
1667 1299 1779 1466 est,
1815 1333 1876 1415 ut
1905 1301 1970 1414 de
2005 1300 2184 1416 Balani

660 1479 1057 1606 numismatibus
1079 1523 1109 1596 a
1131 1479 1415 1600 Froelichio
1445 1489 1703 1648 evulgatis
1731 1487 1983 1620 disseram
2029 1501 2184 1618 Bala-

361 1691 604 1876 ,(ἇῖνξῑζη]
579 1685 641 1759 ll
631 1685 715 1797 ·ni
757 1671 1076 1794 vetustillnni
1113 1675 1389 1794 Gallorum
1424 1683 1594 1841 Regis
1639 1699 1900 1831 meminit
1913 1695 2186 1810 liviusffl

658 1877 783 1989 Cos.
813 1872 1116 2023 QMarcio
1140 1871 1410 2028 Philippo,
1432 1883 1482 1994 o<
1505 1885 1613 1998 Gn.
1643 1887 1862 2001 Servilio
1883 1895 2185 2046 Caepione.

478 2079 482 2087 ’
655 2071 893 2192 durni
808 2071 912 2222 bell
905 2108 986 2178 um
1012 2075 1063 2178 r'n
1094 2069 1393 2206 Macedonia
1439 2083 1641 2218 geritur
1664 2085 1823 2226 legati
1846 2119 2006 2200 trans·
1977 2094 2188 2242 -Alpinr

656 2267 873 2412 aregnlo
894 2261 1150 2376 Gallorum
1167 2263 1616 2414 (BALANIrpstus
1636 2269 1835 2382 tradunt
1856 2319 2058 2404 nomen,
2070 2325 2187 2427 gen.

657 2477 721 2582 tr's
744 2505 803 2576 ex
824 2497 922 2620 quo
931 2465 1102 2604 fiterit
1130 2507 1222 2574 non
1244 2463 1444 2575 tradunt
1454 2467 1476 2600 l
1496 2471 1705 2580 Romam
1723 2514 1892 2588 venere
1902 2479 2185 2628 pollicentes

657 2658 730 2771 ad
752 2657 1119 2772 Macedonicum
1160 2661 1336 2772 bellum
1375 2671 1571 2778 auxilia
1603 2680 1810 2812 gratiae
1853 2679 1995 2786 aliae
2025 2707 2062 2782 a
2096 2675 2185 2782 Se-

658 2883 778 2966 notu
809 2885 1104 2994 muneraque
1143 2851 1288 2996 mr'ffa
1318 2877 1416 2971 &c
1451 2855 1592 2970 Huic
1621 2856 1813 2972 Balano
1849 2861 2057 2970 Numos
2089 2856 2182 2965 ho-

363 3134 443 3302 ἰώ
362 3031 644 3206 (llffi'gsslss
657 3039 739 3156 sce
781 3037 968 3154 tribuit
1000 3037 1386 3157 Froelichiusll)
1405 3123 1425 3176 ‚
1463 3048 1812 3198 eumdemque
1854 3087 1955 3156 non
1999 3041 2185 3196 procul

363 3235 536 3349 MP,-
558 3245 617 3328 ⁸⁵·
659 3227 950 3347 aMaffilia
994 3239 1218 3391 regnasse
1254 3235 1567 3353 arbitratur.
1612 3241 1799 3388 Forstrrr
1832 3247 1990 3348 etium
2025 3247 2185 3370 Baln-

660 3419 742 3545 {urs
775 3433 911 3544 haud
924 3437 1105 3582 procul
1129 3429 1351 3575 Muffiliri
1375 3435 1529 3562 Urbe,
1545 3397 1827 3586 pervetusti
1855 3427 1948 3588 illa?
1969 3439 2182 3548 Phocen-

646 3625 775 3770 stum
800 3617 1015 3752 colonia,
1041 3665 1203 3739 rerum
1218 3615 1403 3774 potitos
1434 3627 1528 3772 est.
1553 3603 1632 3738 At
1656 3625 1783 3732 haec
1813 3617 1940 3733 dum
1972 3593 2181 3754 statuit,

658 3805 787 3926 nihil
830 3826 937 3962 jam
983 3819 1148 3944 mihi,
1181 3816 1281 3964 'qui
1324 3853 1543 3968 graecae
1586 3813 1736 3928 urbis¹
1773 3819 2084 3946 vicinitate,
2136 3825 2182 3934 o

658 4011 986 4120 Graecorum
1017 4007 1330 4122 commercio
1357 4003 1545 4168 ‚Gallos
1575 4009 1917 4122 conterminos
1938 4047 2180 4164 graecam

657 4203 895 4358 linguam
928 4197 1175 4321 edoceri,
1213 4191 1495 4344 eademque
1538 4195 1743 4350 publice
1784 4199 2183 4358 privatimque,

658 4403 739 4515 uti
781 4395 990 4512 tandem
1025 4393 1238 4551 potuille
1274 4383 1376 4505 non
1411 4383 1661 4521 diffiteor3
1682 4393 1813 4504 nihil
1829 4381 2052 4548 inquam
2083 4408 2182 4514 mi-

657 4581 716 4710 hi·
748 4633 816 4734 cx
848 4595 928 4708 his
962 4592 1156 4708 Numis
1193 4583 1682 4742 pertimescendum,
1708 4619 1818 4699 tute
1852 4585 1959 4740 ipse
1990 4587 2182 4701 intelli·

658 4792 741 4946 'gis
776 4757 984 4946 opinor.
1012 4781 1161 4938 Quid
1196 4779 1234 4894 st
1270 4779 1493 4898 Balanus
1527 4782 1613 4896 hic
1642 4781 1735 4897 diu
1764 4787 1875 4938 post
1913 4781 2179 4908 Caesaris,

659 4988 815 5134 atque
850 4985 1156 5132 Orgetorigis
1195 5003 1418 5088 aetatem
1455 4975 1688 5088 vixerit?
1742 4977 1868 5089 Non
1903 4969 2049 5082 enim
2080 4967 2178 5076 mi·

659 5165 780 5296 rum
810 5171 940 5294 duos
967 5169 1107 5290 fuiffe
1145 5143 1374 5319 ejusdem
1407 5170 1628 5286 nominis
1662 5205 1809 5322 reges
1846 5161 2008 5318 longo
2045 5163 2173 5274 inter

1988 5373 2008 5398 ·’
2126 5345 2175 5464 sc

411 6385 2272 6960 ἡ
