4586 6506
536 583 920 688 uonutnero
945 576 1215 694 tonitr.
1434 552 1563 730 389

186 727 358 844 'rologi‘i-
375 732 598 818 notionem
627 733 809 850 aliquam
829 737 1031 851 ‚sphaerae
1060 739 1287 826 armillaris
1303 740 1568 851 contempla·

189 851 309 931 tione
337 843 679 962 repraesentare,
719 856 755 939 81
790 849 832 936 ur
870 857 929 936 ita
958 851 1141 946 dicam,
1171 851 1419 938 adumbrare
1452 879 1571 936 noma

187 960 261 1069 abs
290 991 335 1047 re
371 968 491 1050 erit.
524 966 760 1053 Attollatur
794 963 959 1078 sphaera
990 965 1041 1052 ad
1073 965 1343 1054 altitudinem
1371 968 1455 1080 poli
1474 972 1568 1076 42⁰3

190 1073 350 1166 deinde
381 1098 579 1192 aequator
604 1083 936 1194 &tropicorum
959 1091 1191 1196 arcus‚qui
1220 1079 1338 1195 supra
1363 1083 1568 1170 horizon·
1703 1110 1705 1118 ’

187 1209 276 1280 rem
305 1201 522 1295 eminent,
547 1215 776 1284 wnumerato
804 1196 854 1286 ab
887 1196 1116 1286 horizonte
1137 1195 1397 1285 divisionum
1434 1202 1567 1282 initio

191 1306 244 1392 ad
296 1307 582 1396 Meridianum
620 1309 786 1426 usque,
827 1317 872 1398 in
914 1309 980 1397 sex
1023 1332 1168 1424 partes
1211 1310 1394 1423 aequales
1441 1306 1566 1414 dirisi

188 1424 486 1538 intelligantur
516 1479 526 1506 ·
557 1433 618 1514 Ex
652 1425 817 1540 siugulis
861 1425 1121 1512 divisionum
1156 1431 1318 1541 punitis
1349 1453 1434 1620 per
1465 1453 1567 1514 cene
1651 1479 1658 1492 ·

189 1555 304 1624 trum
339 1537 537 1652 sphaerae
570 1540 736 1627 dudum
757 1542 945 1654 fingatur
980 1539 1095 1642 filum
1127 1541 1239 1654 quod
1273 1537 1324 1626 ad
1380 1541 1568 1626 elinean,

188 1650 236 1738 di
266 1651 482 1769 horologii
513 1651 781 1771 superficiem
813 1652 1090 1769 protendatur
1111 1715 1121 1738 .
1139 1661 1262 1744 Patet
1290 1652 1569 1767 hliuelligiis

194 1764 403 1879 defignari
432 1791 471 1854 at
507 1799 556 1858 ue
586 1771 745 1886 projici
783 1776 827 1856 in
852 1772 982 1884 ipsam
1010 1766 1237 1883 horologii
1265 1767 1577 1882 superficiem.

193 1797 634 1992 unguladivrdonum
655 1892 822 1998 punita.
852 1888 945 1996 Jam
974 1890 1074 1968 verb
1098 1915 1172 2000 per
1191 1893 1278 1972 tria
1298 1891 1446 1996 puritia
1467 1912 1567 1969 ana·

190 1995 289 2108 lo'ga
318 2005 363 2084 in
401 2005 627 2113 aequat0re
663 2003 907 2112 &tropicis
938 1993 1148 2094 ducantur
1188 2027 1415 2094 curvarum
1440 2001 1566 2086 linea·

189 2131 334 2198 menta
362 2167 376 2212 ‚
408 2111 513 2200 haec
546 2113 905 2228 repraesentabunt
935 2141 1084 2200 curvas
1114 2111 1335 2214 horarias,
1356 2143 1458 2228 quae
1479 2141 1574 2198 ma·-

190 2228 260 2334 gis
288 2255 337 2310 ac
371 2234 505 2341 magis
546 2247 762 2325 accuratae
788 2229 976 2316 obtineri
1003 2227 1192 2339 poliunt,
1223 2229 1248 2313 sr
1276 2227 1592 2343 praeterduos·

194 2347 391 2450 tropicos
422 2343 697 2431 adhibeantur
732 2370 910 2434 numero
935 2338 1071 2452 plures
1105 2347 1258 2429 circuli
1284 2342 1473 2457 paralleli
1499 2344 1570 2455 qul

192 2457 238 2539 in
263 2451 329 2543 sex
361 2451 717 2574 partesaequales
747 2464 838 2572 pari
874 2455 1024 2542 modo.
1045 2457 1331 2566 dividantur.
1364 2463 1569 2570 Neque:

191 2575 377 2666 enimin
402 2571 485 2654 hoc
518 2575 661 2660 nollro
690 2571 923 2684 horologio
950 2598 1028 2680 pro
1049 2576 1224 2658 circulis
1242 2569 1386 2657 haberi
1412 2565 1570 2661 debent

195 2711 355 2774 curvae
388 2685 583 2775 horariae
596 2699 614 2794 ,'
640 2717 746 2804 quae
783 2691 1000 2798 pertinent
1022 2685 1075 2768 ad
1102 2684 1389 2774 sublimiorem
1413 2712 1569 2770 curra·

195 2825 289 2886 rum
320 2800 516 2890 ordinem
534 2835 660 2918 ,quas
678 2801 857 2918 duplicis
883 2817 1131 2884 curvaturae
1156 2800 1359 2912 appellant
1387 2805 1574 2886 Geome-

194 2931 308 2998 trae·
342 2921 400 2999 At
423 2919 653 3032 projectis,
685 2941 728 3003 ut
757 2920 839 3026 jam
868 2914 1232 3013 dixi,curvarum
1262 2912 1430 2999 illarum
1457 2912 1575 2998 velli·

192 3033 312 3140 giis,
344 3029 565 3118 habebitur
592 3034 865 3144 horologium
891 3025 989 3110 satis
1021 3047 1299 3126 accuratum,
1331 3031 1376 3112 in
1397 3056 1485 3142 quo
1498 3027 1574 3118 ho·

198 3169 264 3223 ras
297 3151 492 3261 antiquas·
516 3143 581 3233 seu
609 3146 844 3258 inaequales
873 3140 1327 3234 demonllrabit'iudex
1359 3141 1575 3236 horarius,

195 3256 311 3365 cujus
343 3265 590 3354 extremitas
626 3262 673 3347 ht
705 3271 750 3346 in
787 3252 876 3372 ipso
902 3257 1138 3372 aequatorls
1165 3277 1319 3354 centro
1353 3314 1365 3337 .
1400 3258 1574 3342 Mecha·

192 3373 318 3458 nicae
355 3373 677 3486 construetionis
711 3375 832 3484 hujus,
861 3378 974 3458 ratio
1016 3390 1128 3484 patet
1173 3401 1223 3458 ex
1255 3365 1448 3479 sphaerae
1490 3373 1577 3459 ele·

192 3491 382 3586 mentis,
412 3518 509 3574 cum
548 3493 630 3579 tale
661 3487 934 3600 horologium
971 3485 1103 3600 ipsam
1146 3483 1340 3600 sphaerae
1376 3483 1581 3574 coelestis

194 3601 502 3713 projectionem
532 3605 728 3692 exhibeat
758 3659 770 3682 .
800 3604 910 3686 Hinc
943 3601 1206 3689 manifestum
1237 3595 1296 3686 est
1333 3595 1451 3686 sacili
1488 3629 1578 3688 ma·

195 3711 325 3801 cirini
351 3714 539 3805 describi
576 3714 687 3830 posse
712 3716 896 3804 nostrum
924 3714 1229 3830 horologium,
1260 3739 1345 3799 non
1376 3713 1508 3800 solum
1530 3722 1576 3804 in

192 3827 496 3944 hemicyclo,
526 3833 596 3920 sed
638 3840 684 3920 in
719 3835 802 3920 alia
831 3825 1048 3943 superficie
1083 3827 1265 3946 quilibet
1287 3827 1576 3942 ,romposrto

193 3941 357 4032 scilicet
389 3947 669 4036 instrumento
698 3977 748 4038 ex
776 3951 921 4062 paucis
943 3946 1116 4032 circulis
1147 3950 1193 4029 in
1222 3939 1398 4030 modum
1433 3941 1578 4056 sphae-

194 4087 268 4145 rae
302 4062 561 4165 armillaris,
590 4070 678 4179 qui·
696 4061 765 4168 suo
795 4059 1046 4146 instruantur
1075 4088 1184 4158 axe,
1214 4082 1292 4176 pro
1336 4055 1454 4143 rant
1484 4061 1603 4172 poli,

197 4173 428 4261 altitudine
456 4177 720 4266 attollendo.
752 4175 834 4265 Sed
863 4175 967 4286 haec
994 4175 1104 4258 dieta
1132 4169 1206 4258 fint
1239 4167 1403 4258 tantiam
1430 4171 1482 4256 ad
1514 4177 1579 4284 inq

192 4285 381 4376 dicanda
419 4293 618 4381 breviter
652 4293 770 4402 hujus
806 4288 1025 4405 horologii
1066 4285 1575 4402 principia3caeterl1m
1634 4305 1638 4310 '
1725 4327 1731 4338 ·

190 4403 247 4492 id
277 4403 387 4491 mihi
425 4408 632 4492 incumbit
667 4404 921 4520 potillimhm
949 4429 991 4502 ut
1026 4401 1264 4490 universam
1315 4401 1427 4485 illius
1474 4403 1595 4514 stru-¹

191 4525 354 4604 a‘luram
387 4520 439 4606 ad
481 4551 655 4609 examen
684 4548 916 4619 revocem,
952 4547 1001 4610 ex
1032 4515 1111 4630 qui
1140 4515 1297 4604 deinde
1329 4513 1581 4626 simplicissr-

191 4661 316 4722 mam
347 4631 559 4743 similium
579 4635 907 4752 horologiorum
940 4633 1299 4748 combustionem
1319 4629 1580 4742 colligere,

192 4749 312 4835 mihi
348 4747 475 4836 sacile
508 4757 629 4838 erit.
788 4755 790 4764 ⁴
1036 4753 1039 4762 ’
1087 4775 1091 4782 ·
1211 4779 1229 4790 “

243 4897 246 4908 ·
282 4855 288 4866 ’
317 4865 381 4946 Et·
401 4870 589 4976 primum
623 4865 841 4983 quidem,
871 4893 953 4980 quo
981 4867 1223 4975 tentamine
1255 4887 1344 4947 rem
1372 4859 1577 4973 aggressus

209 4972 302 5066 sum
333 4987 580 5092 exponam·'
603 4989 667 5076 Ex
698 4989 849 5102 pundo
882 4987 922 5072 A
949 5049 967 5096 ,
995 4996 1016 5095 (
1041 4981 1113 5096 fig.
1136 4985 1222 5085 a.)
1253 4976 1306 5067 ad
1346 4979 1577 5174 arbptrium

1099 5139 1103 5148 ·
1437 5111 1584 5205 umpto
