4568 7398
642 515 754 854 siis,
787 717 926 836 vel
909 717 1181 836 unmutata
1212 716 1394 852 litera,
1432 701 1573 868 quod
1605 759 1708 834 non
1743 713 1947 836 efficere
1976 715 2164 874 poffis.

613 931 971 1047 Germanum
999 917 1281 1074 quemdam
1314 915 1503 1037 novisse
1548 917 1599 1036 se
1636 917 1796 1034 refert
1829 919 2163 1050 Huetiusffl,

642 1125 735 1272 qui
768 1121 869 1236 hac
908 1151 1020 1232 arte
1062 1117 1330 1232 Priamum
1375 1109 1618 1228 eumdem
1656 1108 1786 1240 elle,
1831 1150 1894 1225 ac
1922 1109 2167 1224 Abraha-

641 1353 821 1443 mum,
866 1319 1103 1454 Aeneam
1137 1325 1240 1424 non
1269 1305 1462 1442 alium,
1497 1349 1654 1460 quam
1681 1311 1874 1454 Jonam
1909 1311 2168 1468 probave-

643 1545 757 1644 rat5
784 1501 940 1656 seque
965 1497 1160 1615 librum
1179 1495 1449 1616 editurum
1471 1499 1846 1658 pollicebatur,
1868 1543 1974 1654 quo
1995 1505 2168 1618 osten-

642 1707 833 1832 deret,
873 1727 1128 1854 quotquot
1164 1691 1235 1804 ab
1268 1691 1513 1851 Hispania
1561 1692 1629 1809 ad
1670 1699 1814 1814 Sinas
1854 1701 2017 1854 usque
2049 1703 2170 1817 sunt

641 1901 877 2052 linguae,
909 1891 978 2006 ab
1000 1894 1101 2010 unzi
1127 1887 1409 2038 eidemque
1437 1927 1616 2002 omnes
1631 1875 1889 2008 'dedustas
1908 1897 2022 2012 elle.
2068 1901 2170 2010 Le-

484 2187 491 2196 ι
640 2093 832 2250 pidum
870 2089 990 2208 sane
1029 2117 1228 2246 caput!
1268 2095 1360 2207 An
1414 2087 1656 2245 promisso
1698 2089 1894 2210 steterit
1934 2099 2168 2252 ignoro.

642 2291 744 2410 Sed
776 2331 873 2448 age
905 2287 1272 2444 experiamur,
1312 2283 1442 2437 quid
1469 2281 1650 2400 eadem
1689 2315 1835 2416 arte,
1876 2329 1942 2414 ac
1978 2299 2170 2452 regulis

638 2483 925 2604 extundere
947 2565 967 2620 ,
989 2481 1060 2607 'dt
1099 2529 1197 2649 ego
1235 2489 1488 2607 valeam.
1539 2481 1852 2640 Etymologi·
1881 2526 2009 2646 ergo
2048 2533 2169 2658 per-

636 2669 814 2788 sonam
853 2673 1112 2832 paulisper
1150 2677 1398 2806 indutus,
1441 2672 1707 2810 coms,
1746 2677 1952 2797 Celtice
1988 2682 2169 2804 idem-t

635 2863 765 2996 elle,
806 2901 870 2980 ac
911 2865 1092 2978 Latine
1133 2871 1326 3020 Sym
1365 2869 1680 3020 pronuncio.
1711 2871 1973 2991 Miraris?
1999 2879 2174 2999 ridest

634 3059 782 3211 atqui
824 3059 900 3172 ita
940 3055 1038 3172 esse
1077 3056 1231 3214 plane
1279 3061 1534 3186 ostendo.
1585 3075 1706 3188 Coil
1716 3145 1737 3201 ,
1778 3067 1870 3189 seu
1910 3087 2072 3206 Coit,
2113 3107 2174 3192 ut

346 909 472 1000 ωιιΗ
473 907 624 982 mnis·

346 909 607 1102 Τ.)Ῑ.ι.ιό.Νί

632 3255 872 3415 superius
911 3255 1153 3375 dicebam
1191 3255 1337 3376 idem
1378 3262 1586 3398 Celtis,
1628 3309 1692 3382 ac
1729 3275 1919 3430 Sylva,
1944 3282 2137 3390 Nemus
2152 3311 2173 3408 ι

612 3461 693 3631 ,Α
733 3464 851 3574 coil
881 3451 1082 3610 igitur,
1122 3454 1208 3574 vel
1247 3470 1407 3592 Coit,
1448 3469 1540 3578 Coi
1579 3451 1754 3572 efficio
1791 3455 2038 3607 liquida,
2092 3457 2175 3578 uel

638 3650 786 3766 muta
826 3648 1058 3800 abjedd:
1101 3651 1228 3802 quid
1268 3695 1423 3813 porro
1461 3655 1736 3782 usitatius,
1767 3689 1927 3800 quam
1951 3651 2178 3794 finales,

524 3952 528 3967 ,
639 3861 709 3946 ur
747 3840 937 3980 ajunt,
989 3835 1165 3962 literas
1202 3849 1476 3998 abjiceres
1528 3857 1660 3978 Coi,
1709 3841 1921 3996 quando
1960 3831 2177 3996 graecas

641 4019 1029 4146 terminationes
1068 4067 1248 4152 amant
1285 4031 1474 4164 Galli,
1514 4029 1769 4186 syllabam
1809 4035 1899 4144 OS
1940 4031 2177 4181 adjicio,

639 4217 696 4332 dt
736 4227 868 4371 Cojot
907 4267 1010 4340 non
1046 4229 1278 4362 minori,
1319 4261 1381 4346 ut
1420 4221 1610 4354 vides,
1652 4221 1896 4352 felicitate
1935 4207 2178 4382 effing⁰3

642 4425 828 4534 aCor'r
867 4421 1061 4574 syloa,
1109 4434 1242 4575 Cojor
1293 4430 1482 4585 ,bivios
1515 4511 1532 4544 .
1595 4421 1692 4538 Sed
1745 4461 2181 4579 quamcumquea

643 4605 774 4724 huic
804 4613 922 4726 voci
952 4621 1212 4734 notionem
1251 4615 1495 4771 subjicias
1527 4613 1656 4733 illud
1685 4621 1851 4738 multo
1883 4625 2016 4738 mibi
2052 4663 2180 4782 pro-

505 4925 511 4938 s
599 4793 867 4913 babillus
906 4811 1081 4956 Cojor,
1120 4811 1174 4925 ni
1217 4808 1449 4950 Celtici,
1491 4820 1759 4974 ignotique
1791 4818 1943 4936 nobis
1976 4819 2180 4935 Numi·

643 4987 726 5105 nis
741 5033 764 5120 ·,
805 4987 909 5110 live
949 5039 1179 5138 nomen,
1218 5003 1322 5124 stve
1357 5045 1759 5167 cognomentum
1797 5017 1901 5152 stt,
1957 5015 2181 5136 Gallum

646 5187 874 5348 aliquem
914 5191 1215 5354 defignarc,
1272 5201 1361 5353 qui
1413 5247 1517 5330 una
1558 5249 1678 5334 cum
1719 5212 2001 5366 Orcitirrpe
2041 5212 2180 5326 Rei·

1991 5399 2180 5562 pubb-
