4666 6492
758 623 830 726 tt
1040 618 1529 717 orssunrrrro
1575 621 1815 714 rurus
1880 625 1887 632 ·
1941 565 1953 588 ⁴

745 776 873 859 tem,
907 783 997 842 cum
1027 780 1165 846 terras
1199 762 1398 848 circuiret
1430 759 1639 870 7upiter,
1666 761 1713 846 iu
1727 785 2039 876 quamcumque
2058 793 2137 852 te·

744 873 909 986 gianem
944 873 1137 975 tieuirrt,
1166 903 1280 986 reget
1295 877 1590 989 principesque
1609 877 1859 988 papularum
1884 879 2140 994 hospitioli·
2230 917 2233 920 *

569 1068 580 1084 ,
749 989 823 1092 ti,
865 987 916 1082 d*
949 989 1137 1074 amicitia
1174 993 1437 1101 copulabat,
1479 989 1533 1084 &⁴
1564 1017 1656 1075 cum
1690 1018 1903 1104 aquaque
1933 995 2132 1105 digrede-

750 1121 898 1202 retur,
923 1105 1097 1202 jubebat
1101 1103 1194 1218 stur·
1197 1111 1351 1216 funum
1367 1106 1506 1191 creari
1524 1102 1693 1219 hospitis
1707 1105 1788 1236 sui
1804 1108 1996 1208 tramitte,
2016 1107 2140 1222 quest

750 1217 815 1301 itu
838 1205 966 1333 {cupit
985 1272 999 1316 ,
1021 1219 1275 1318 amicitiae,
1318 1221 1373 1314 ὡ
1392 1216 1580 1332 faederis
1617 1246 1814 1304 memurta
1854 1223 2094 1336 couserouri
2113 1279 2134 1304 .

749 1330 822 1416 Sic
849 1329 1072 1446 constituta
1094 1335 1202 1446 suut
1231 1333 1391 1444 templa
1426 1335 1531 1441 ‘Jaoi
1556 1333 1802 1442 Atabyria,
1844 1337 1950 1448 §iuvi
1973 1340 2134 1424 tabra-

751 1445 874 1555 ἄση
914 1447 1145 1557 Atabyrius
1176 1447 1329 1548 euim,
1372 1445 1426 1540 eis
1456 1445 1693 1532 Lubrudeus
1722 1449 1899 1563 tespites
1930 1452 2019 1550 ejus
2062 1469 2134 1538 uta

422 1564 517 1650 Ρω-
533 1579 714 1654 taurona.
753 1588 832 1674 que
862 1561 1072 1660 adiutores
1099 1562 1149 1646 iu
1176 1562 1290 1646 betta
1313 1563 1520 1676 fuerunt:
1553 1573 1652 1667 (a).
1686 1571 1741 1646 At
1765 1563 1867 1647 illud
1893 1567 2024 1650 multo
2047 1573 2137 1654 mi·-

427 1646 630 1730 quen..
755 1677 801 1762 lri
830 1676 1089 1792 probabilius
1114 1679 1271 1790 Jovem
1294 1676 1562 1762 Labruudeui
1585 1705 1829 1790 cognomen
1847 1676 2079 1776 sortitum,
2107 1713 2140 1772 a

754 1792 854 1877 loco
887 1793 959 1876 ubi
995 1791 1244 1890 colebatur,
1268 1797 1342 1908 qui
1378 1792 1600 1876 Labrcuda
1634 1844 1652 1886 ,
1696 1811 1739 1877 ut
1771 1820 1853 1904 ego
1888 1789 2076 1906 susp-icor
2105 1829 2133 1886 a

755 1905 977 1994 Labrauda
1009 1906 1084 1990 illo
1113 1927 1375 2020 nuncupatus
1413 1906 1500 2001 est,
1528 1913 1600 2021 qui
1632 1909 1994 2024 CariomOraculi
2030 1910 2134 2024 julio

619 2047 626 2060 ·
753 2025 912 2134 petiit,
942 2043 988 2105 ut
1024 2019 1142 2132 supra
1173 2020 1337 2132 docui,
1371 2051 1419 2122 ex
1451 2022 1760 2134 Etymologo,
1795 2027 1834 2108 &
1863 2049 2017 2136 pagum
2062 2027 2134 2114 rel

753 2141 772 2223 i
805 2134 843 2221 se
871 2133 1104 2234 condidit,
1134 2137 1203 2220 vel
1239 2163 1395 2222 nomen
1419 2135 1481 2218 illi
1506 2133 1623 2220 suum
1646 2135 1882 2250 imposuit.
1924 2143 2036 2224 Hinc
2053 2171 2137 2256 po·

788 2280 836 2338 ea
849 2253 953 2364 Jovi
976 2277 1219 2362 cognomen
1238 2247 1504 2336 Lubruudeui
1531 2249 1678 2336 datum
1697 2249 1783 2337 est·
1814 2251 2000 2338 Plurima
2017 2261 2142 2344 Deo-

752 2393 846 2451 rum
870 2369 1132 2478 cognomina
1169 2396 1221 2452 ex
1256 2371 1312 2450 iis
1340 2364 1559 2478 desumpta
1582 2363 1705 2450 fuilie
1736 2368 1877 2459 locis,
1900 2373 1945 2450 in
1974 2373 2135 2482 quibus

750 2486 984 2595 praecipuo
999 2479 1112 2563 cultu
1131 2483 1404 2581 colerentur,
1430 2508 1559 2566 nemo
1572 2478 1701 2565 nescit
1722 2532 1737 2579 ,
1761 2485 1984 2595 quisenim
2002 2490 2133 2597 igno·

753 2612 820 2682 ret
850 2599 1008 2708 Jovem
1038 2593 1320 2706 Olympium,
1366 2599 1402 2681 br
1432 2592 1758 2706 Capitolinum,
1803 2600 2017 2706 Junonem
2054 2605 2140 2686 San

752 2707 908 2809 mium,
938 2709 1182 2820 Apollinem
1216 2707 1498 2820 Delphicum,
1529 2715 1741 2818 Venerem
1760 2709 1985 2812 Gnidiam,
2022 2719 2132 2802 Dia-

753 2849 854 2909 nam
886 2821 1126 2935 Epheſsuum
1154 2817 1245 2914 &o
1287 2818 1412 2908 Nihil
1443 2822 1706 2937 frequentius
1746 2851 1940 2912 veterum
1966 2836 2081 2915 numi
2113 2883 2138 2932 ,

755 2955 826 3028 aut
852 2945 1162 3051 epigrammata
1199 2937 1409 3052 lapidibus
1448 2936 1655 3052 insculpta
1682 2939 1910 3028 exhibent:
1937 2947 1996 3028 iis
2027 2973 2133 3059 quae

736 3053 915 3164 x[erresgno
931 3079 1134 3156 numero,
1150 3051 1259 3170 apud
1278 3055 1542 3152 Gruterum,
1563 3061 1876 3154 Muratorium,
1899 3061 2093 3148 Donium
2113 3113 2134 3162 ‚

759 3163 952 3254 Gudium
982 3167 1165 3280 aliosque
1192 3175 1467 3281 antiquorum
1509 3167 1695 3284 lapidum
1725 3171 1972 3258 collectores
2011 3182 2140 3265 inve·

756 3285 879 3382 nies,
904 3281 1110 3396 Lapidem
1129 3283 1239 3369 hunc
1256 3281 1355 3370 addi
1380 3283 1478 3366 volo
1495 3323 1508 3382 ,
1532 3291 1602 3397 qui
1621 3287 1922 3399 Superioribus
1938 3298 2057 3376 annis
2076 3319 2134 3380 eo

756 3394 857 3482 loco
882 3417 1072 3509 repertus
1087 3395 1172 3491 est,
1200 3399 1271 3484 ubi
1293 3397 1401 3484 olim
1429 3397 1561 3485 castra
1584 3397 1701 3486 fuere
1719 3405 2132 3508 Praetorionorum,

745 3511 794 3593 ’ἃ
825 3509 950 3620 vulgo
980 3537 1122 3607 nunc,
1145 3516 1313 3625 (Mutua
1340 3509 1505 3598 dicitur
1537 3573 1548 3597 .
1585 3517 1622 3596 Is
1647 3515 1772 3598 nobis
1804 3515 2132 3636 Aesculapium

755 3620 1183 3742 Philr'ppupalituttum
1195 3632 1391 3740 primus,
1407 3627 1522 3739 quod
1541 3625 1668 3716 sciam
1681 3680 1698 3725 a
1711 3629 1911 3742 erhibet²

1214 3858 1519 3974 aESCVLapio

1127 4001 1638 4113 prrnrnuoronrrano
1730 4102 1732 4113 ,

903 4259 904 4263 ¹
985 4144 1673 4240 22..s.sncurro0s.u

993 4339 1047 4368 ..
1079 4339 1092 4362 .
1122 4340 1140 4366 .
1165 4289 1466 4378 uomuru.
1496 4276 1676 4403 ,tsuv
1736 4281 1860 4396 (ste)

963 4410 967 4422 ’
992 4481 1220 4514 ......
1250 4433 1657 4520 svscnrunnr.
1688 4431 1894 4520 tronus

927 4555 930 4560 ’
991 4619 1220 4652 ......
1248 4576 1350 4662 ur.
1379 4575 1676 4663 cornutus
1706 4630 1946 4660 ......
2161 4660 2179 4676 ..

992 4763 1219 4796 ......
1251 4717 1943 4813 rovs.rtn1.1rr1>......
2080 4697 2083 4723 ²

986 4855 1886 4956 ,;....11.er.·r0mru1nuo·

1450 5003 1578 5108 COS.
1649 5004 1654 5014 ‘
1980 5059 1991 5078 .

1860 5203 1863 5212 .
1969 5121 2133 5246 Qm‘l
