4586 6506
759 599 891 738 394
1052 599 1137 692 or
1174 595 1402 696 vorem
1425 546 1853 692 amoenam.

753 739 950 859 libroque
982 738 1179 854 nerfirndo
1211 764 1313 853 quor
1341 757 1390 822 ete
1409 761 1612 847 gnomone
1627 753 1773 846 portes
1806 731 2128 840 hebetantem,

754 893 822 950 ent
854 858 1025 946 umbrae
1040 854 1157 966 facit
1194 849 1279 939 offo
1322 853 1370 936 in
1397 848 1675 937 declinatione
1701 849 1807 937 coeli
1839 879 1945 966 quoe
1982 851 2128 964 estitit

753 986 910 1067 Romae
944 969 1114 1088 ·›Qtod
1143 987 1187 1054 ut
1222 971 1483 1079 experirer,
1521 995 1571 1054 eu
1604 988 1757 1052 centro
1784 973 2024 1081 aequatoris
2056 969 2130 1056 de·
2217 1009 2228 1031 ·

754 1089 981 1178 mittebam
1007 1081 1357 1202 perpendiculum
1378 1077 1430 1172 ad
1456 1080 1725 1196 superficiem
1747 1109 1978 1170 concauam
2002 1082 2133 1168 horo·
2271 1173 2272 1178 a

753 1209 860 1320 logii
890 1234 906 1313 3
936 1200 1040 1288 haec
1070 1218 1211 1286 autem
1242 1195 1601 1311 perpendicularis
1638 1197 1838 1312 producte
1870 1197 2132 1315 intelligatur

713 1341 715 1348 ⁴
755 1321 879 1433 usque
913 1315 966 1402 ad
997 1316 1164 1430 planum
1195 1311 1467 1400 horizontale
1501 1319 1569 1398 cui
1598 1320 1732 1400 etiam
1763 1331 1961 1412 occurrat
1993 1311 2132 1402 radius

630 1469 634 1477 ·
753 1431 1100 1548 aequinoetialis.
1126 1431 1222 1542 Jam
1248 1433 1354 1514 verb
1384 1430 1427 1511 in
1457 1431 1668 1544 triangulo
1691 1427 1929 1544 rellangnlo
1952 1423 2051 1514 dati
2069 1430 2131 1516 al·
2271 1495 2272 1546 ;

754 1544 942 1636 titudine
969 1540 1312 1659 perpendiculari
1352 1541 1538 1658 datoque
1569 1543 1720 1657 angulo
1739 1558 1832 1656 42⁰·
1860 1543 2138 1658 perpendicu·
2271 1565 2272 1568 ‘

753 1665 835 1752 lari
864 1660 1039 1763 &radio
1061 1655 1358 1774 aequinoctiali
1379 1655 1710 1772 comprehenso,
1741 1663 1962 1749 invenitur
1976 1656 2138 1748 distan-

756 1785 819 1866 tia
849 1777 1021 1865 umbrae
1047 1772 1334 1861 horizontalis
1370 1773 1702 1886 quamproxime
1725 1773 1907 1892 aequalis
1940 1777 2131 1888 partibus
2271 1787 2272 1814 ³

754 1901 849 1981 nito
870 1887 1013 2008 quales
1041 1880 1200 1976 novem
1216 1892 1409 1974 continet
1433 1886 1516 1971 stili
1541 1887 1722 1974 altitudo
1737 1889 2130 2006 perpendicularise

751 2015 850 2098 Pari
888 2011 1053 2092 ratione
1085 2007 1273 2090 inveniri
1306 1997 1437 2117 pollet
1461 2003 1849 2114 Trigonometrich
1871 2003 2020 2092 umbra
2038 2009 2134 2094 Sol·

752 2122 928 2210 stitialis
967 2119 1039 2208 vel·
1060 2125 1194 2209 etiam
1229 2147 1306 2234 per
1331 2113 1683 2205 constructionem
1714 2119 2022 2218 Analernmntit
2057 2125 2135 2209 Vi·

752 2243 975 2346 truriani3
1006 2240 1194 2321 correcta
1230 2253 1373 2321 temen
1402 2231 1692 2345 Tropicorum
1716 2233 1913 2322 distertii
1939 2261 2044 2348 quae
2072 2240 2134 2353 ju·

752 2352 819 2437 llo
853 2351 989 2468 major
1024 2377 1047 2434 a
1074 2350 1286 2437 Vitruvio
1315 2345 1540 2434 adhibetur
1570 2405 1582 2430 .
1630 2351 1813 2438 Inventi
1844 2371 1989 2438 autem
2018 2351 2133 2438 hori·

749 2467 911 2552 zontali
937 2464 1110 2551 umbrae
1139 2459 1366 2565 distantii,
1398 2464 1620 2548 invenitur
1650 2491 1817 2578 quoque
1844 2465 1960 2552 illius
1996 2470 2134 2581 proje-

749 2587 840 2666 e‘lio
866 2587 912 2664 in
942 2575 1176 2692 superficie
1198 2575 1420 2676 concavi,
1451 2575 1570 2661 dunt
1608 2574 1777 2665 scilicet
1801 2579 1909 2665 recti
1938 2607 1961 2664 a
1985 2602 2131 2668 centro

752 2700 1000 2808 aequatoris
1034 2692 1088 2777 ad
1120 2697 1444 2778 extremitatem
1486 2690 1662 2778 umbrae
1689 2691 2010 2808 horizontalis3
2036 2725 2136 2811 pun·

748 2813 860 2896 dium
883 2813 1001 2894 enim
1039 2813 1187 2918 inquo
1218 2811 1324 2892 resta
1360 2805 1432 2890 illa
1453 2803 1697 2917 superficiei
1728 2835 1943 2897 concavae
1974 2839 2129 2896 occur·

753 2930 814 3010 rit
835 2973 852 3022 2
872 2928 960 3011 erit
987 2921 1163 3008 umbrae
1197 2920 1419 3032 vestigium
1446 2922 1489 3002 in
1516 2915 1667 3008 eidem
1691 2918 1920 3042 superficie
1940 2973 1967 3036 ·.‚
1989 2921 2135 3044 Qrarie
2271 2987 2272 2992 a

748 3035 864 3124 datis
886 3033 1198 3151 »aequinoctiali
1237 3033 1618 3148 Solliitiaiibusque
1656 3039 1818 3125 umbris
1853 3033 1869 3138 ,ι
1905 3039 2004 3128 dati
2044 3039 2135 3126 sunt

748 3155 987 3264 “ewen
1019 3147 2132 3374 1emericoterreteeruc

745 3265 1136 3470 hhlhihohhdghhd‘c
1159 3291 1299 3490 ¹planca
1328 3375 1563 3464 observasse
1596 3383 1695 3466 satis
1726 3381 1774 3469 stt
1801 3299 1856 3470 eh
1879 3385 2032 3499 quibus
2059 3385 2128 3470 Vi·

746 3500 943 3584 truviana
976 3491 1311 3604 horologiorum
1339 3489 1593 3578 constructio
1620 3494 1812 3611 intelligi
1833 3496 2000 3612 potest.v
2019 3505 2128 3586 Coe·

745 3627 886 3698 terum
909 3612 981 3698 hic
1005 3603 1262 3693 monendum
1292 3601 1472 3718 superest
1502 3609 1638 3696 irrito
1668 3629 1878 3701 conatua
1909 3613 2124 3702 nonnullis
2271 3705 2272 3718 ι

748 3725 996 3839 investigari
1028 3751 1079 3810 ex
1106 3721 1268 3840 umbris
1300 3717 1601 3807 solstitialibus
1634 3725 1680 3814 in
1710 3721 1912 3813 fimilibus
1946 3728 2127 3814 horolo-

748 3845 832 3951 giis
855 3842 1142 3953 Tropicorum
1171 3831 1417 3921 distantiam
1445 3885 1468 3933 ‚,
1485 3865 1537 3924 ex
1563 3835 1642 3948 qud
1666 3836 1827 3926 deinde
1855 3841 2120 3953 obliquitatis
2271 3845 2272 3866 ¹

747 3953 990 4068 Eclipticae
1008 3951 1360 4048 decrementum,
1387 3951 1425 4036 ἃ
1454 3981 1503 4038 ex
1533 3947 1623 4064 ipso
1648 3951 1929 4042 decremento
1949 3955 2124 4044 horolo-

712 4152 715 4159 ,
747 4073 813 4178 gii
837 4089 1021 4160 aetatem
1048 4065 1271 4177 conjectari
1299 4062 1570 4179 presumunt.
1602 4069 1659 4152 Et
1691 4066 1865 4181 quidem
1896 4072 1938 4154 in
1961 4099 2007 4156 re
2038 4093 2129 4162 tarn

744 4179 891 4268 subtili
917 4183 1074 4268 nullius
1104 4178 1309 4266 utilitatis
1338 4174 1417 4268 esse
1439 4175 1600 4290 possunt
1628 4187 1807 4269 minima
1826 4183 2128 4290 imitamenta,
2271 4189 2272 4202 ³

746 4292 841 4382 rudi
872 4298 1190 4410 negligentique
1219 4319 1343 4378 manu
1372 4311 1417 4378 ut
1453 4294 1687 4406 plurimum
1712 4297 1949 4386 elaborata.

860 4415 977 4496 Haec
1008 4407 1097 4495 sunt
1116 4411 1236 4503 ‚uir
1266 4405 1532 4508 domitore,
1561 4435 1666 4524 quae
1694 4411 1748 4500 de
1777 4412 1861 4498 hoc
1892 4413 2137 4534 horologio

740 4520 796 4609 'ad
826 4541 871 4611 te
899 4521 1236 4636 perscriberem.
1283 4521 1572 4610 Vehementer
1600 4545 1837 4641 exopto-ut
1867 4528 1972 4621 haec
1992 4535 2138 4622 oblata

647 4661 652 4670 ’
742 4637 910 4725 oecasro
944 4657 1134 4728 veterem
1161 4637 1347 4726 nostram
1362 4635 1708 4728 consuetudinem
1732 4642 2028 4760 redintegrare
2042 4646 2143 4764 pos·

744 4749 795 4837 fit
825 4773 949 4865 atque
972 4753 1255 4862 confirmare3
1307 4753 1420 4862 quod
1450 4753 1624 4868 quidem
1654 4757 1985 4869 jucundissimum
2020 4764 2140 4856 mihi

590 4991 593 4998 Ι
739 4861 929 4959 futurum
952 4868 1030 4962 else
1062 4867 1296 4986 persuasum
1319 4863 1468 4960 habeas
1495 4869 1659 4981 aelim.
1778 4973 1782 4978 ι

1913 5063 2143 5202 'INDEX
