1240 1698
269 99 320 129 Sed
335 100 368 129 ad
385 101 488 130 Numos
503 99 580 128 redeo
596 112 602 126 ε
623 106 721 138 negant
739 98 887 127 Oudinetus
897 117 907 131 ,
927 97 959 127 de
977 99 996 127 Β

270 158 302 177 ze
314 167 323 181 ‚
345 150 370 177 &
387 148 534 177 Bimardius
544 149 573 172 <¹²³
591 147 625 176 ad
640 149 772 176 Arvernos
790 146 879 186 Reges
893 157 936 176 eos
953 148 997 185 qui

270 206 350 234 quam
365 198 508 235 pertinere3
524 199 550 227 ὅ(
562 199 643 228 Bituii
659 196 764 234 quidem
779 195 934 225 numismata
945 199 999 227 Bitz

270 246 432 283 Gogodiatori
446 245 513 273 illius
533 244 600 276 filio,
618 244 663 281 qui
676 245 779 283 Pompej
793 252 877 273 aetate
890 244 960 284 apud
973 248 1000 276 G.

270 293 470 323 latas-Trocmi'os
484 292 625 331 regnabat,
643 292 780 321 tribuenda
791 292 839 321 esse
854 292 960 323 docent:
977 305 1001 322 n(

270 349 367 376 temere
375 360 385 374 ‚
397 351 478 379 quum
494 342 538 371 hic
550 341 614 371 alius
627 348 699 371 emet
714 340 819 377 hujusce
830 341 911 371 Bituii
924 343 1003 372 Nusm

266 717 350 756 patris
376 724 469 748 nomen
487 713 620 744 Bimardio
637 714 774 752 interprete
792 713 1013 753 'praeferensdege

271 763 341 791 enim
354 768 474 790 BlTOYIOs
483 769 648 798 rotoma-rapx
655 770 783 793 BACIAm.
804 766 886 793 Bituci
895 772 958 791 vero
969 764 1014 791 Nu

269 822 326 841 mos
336 812 490 847 Adiutorigis
504 811 558 840 filio
572 812 690 841 tribuunt
703 831 712 845 ,
730 822 808 850 quem
824 821 937 841 Δυτευταν
954 822 1016 840 voca

271 859 363 888 strabo
372 859 417 892 (θῇ
435 860 530 896 quique
544 860 577 888 ab
590 862 710 899 Augusto
722 863 857 890 Comanae
870 861 953 890 Urbis
964 873 1016 901 pon

271 908 352 940 tifex,
363 910 388 936 ἃ
400 908 519 946 princeps
535 917 635 937 creatus
651 909 714 937 fuit:
731 910 865 948 Comanae
876 918 954 947 porro
965 919 1016 947 pon

271 957 354 985 tifices
365 975 374 989 ‚
395 958 421 985 ἃ
437 957 567 995 principes
585 959 657 994 Regis
675 956 701 985 se
721 956 798 986 titulo
814 967 906 986 ornare
924 958 1019 987 consue

270 1006 330 1034 viss'e
345 1005 454 1033 aliorum
469 1006 589 1044 exemplo
599 1006 751 1044 vulgatum.
767 1006 808 1034 Sic
819 1006 891 1034 idem
901 1005 993 1035 Strabo
1004 1007 1020 1028 (²

271 1053 428 1092 Lycomedem
439 1072 449 1086 ‚
473 1053 516 1081 seu
534 1049 693 1083 Nicomedem
706 1072 715 1086 ,
739 1064 816 1091 quem
832 1054 919 1089 Julius
937 1056 1022 1086 Caesae

270 1102 403 1130 Comanae
427 1102 573 1140 prindpem
595 1103 762 1131 constituerat
783 1104 874 1140 Regem
900 1105 1014 1143 appellat

272 1146 342 1174 Vide
353 1147 415 1176 haec
426 1147 544 1186 pluribus
555 1147 716 1177 differentem
727 1150 896 1179 Bimard-ium.
910 1151 978 1180 Illud
991 1161 1025 1182 ta

271 1203 331 1222 men
349 1193 393 1223 hic
410 1195 443 1224 ab
461 1195 551 1224 eodem
568 1196 731 1226 observatum
746 1209 796 1227 non
808 1201 1026 1237 praetermlttam3

271 1243 366 1272 horum
382 1244 565 1274 nurnifinatum
587 1246 687 1276 nullum
702 1257 817 1285 unquam
833 1249 859 1278 in
876 1244 971 1279 Galliis
989 1262 1027 1281 re-

660 1293 687 1314 C
911 1306 1014 1336 pertum
1021 1316 1029 1332 ‚
